% Aad:2010wv
% (ATLAS_2010_S8817804)
@Article{Aad:2010wv, author    = "Aad, G. and others", collaboration = "ATLAS", title     = "{Measurement of inclusive jet and dijet cross sections in proton-proton collisions at 7 TeV centre-of-mass energy with the ATLAS detector}", year      = "2010", eprint    = "1009.5908", archivePrefix = "arXiv", primaryClass  =  "hep-ex", SLACcitation  = "%%CITATION = 1009.5908;%%" }

% Abe:1997eua
% (CDF_1998_S3618439)
@Article{Abe:1997eua, author    = "Abe, F. and others", collaboration = "CDF", title     = "{Measurement of the differential cross section for events with large total transverse energy in $p\bar{p}$ collisions at $\sqrt{s} = 1.8$ TeV}", journal   = "Phys. Rev. Lett.", volume    = "80", year      = "1998", pages     = "3461-3466", doi       = "10.1103/PhysRevLett.80.3461", SLACcitation  = "%%CITATION = PRLTA,80,3461;%%" }

% Abachi:1996et
% (D0_1996_S3324664)
@Article{Abachi:1996et, author    = "Abachi, S. and others", collaboration = "D0", title     = "{The azimuthal decorrelation of jets widely separated in rapidity}", journal   = "Phys. Rev. Lett.", volume    = "77", year      = "1996", pages     = "595-600", eprint    = "hep-ex/9603010", archivePrefix = "arXiv", doi       = "10.1103/PhysRevLett.77.595", SLACcitation  = "%%CITATION = HEP-EX/9603010;%%" }

% Aamodt:2010pp
% (ALICE_2010_S8625980)
@article{Aamodt:2010pp, author         = "Aamodt, K. and others", title          = "{Charged-particle multiplicity measurement in proton-proton collisions at $\sqrt{s} = 7$ TeV with ALICE at LHC}", collaboration  = "ALICE", journal        = "Eur.Phys.J.", volume         = "C68", pages          = "345-354", doi            = "10.1140/epjc/s10052-010-1350-2", year           = "2010", eprint         = "1004.3514", archivePrefix  = "arXiv", primaryClass   = "hep-ex", }

% Aaij:2012ut
% (LHCB_2012_I1119400)
@article{Aaij:2012ut, author         = "Aaij, R and others", title          = "{Measurement of prompt hadron production ratios in $pp$ collisions at $\sqrt{s} = 0.9$ and 7 TeV}", collaboration  = "LHCb Collaboration", journal        = "Eur.Phys.J.", volume         = "C72", pages          = "2168", year           = "2012", eprint         = "1206.5160", archivePrefix  = "arXiv", primaryClass   = "hep-ex", reportNumber   = "CERN-PH-EP-2012-171, LHCB-PAPER-2011-037", SLACcitation   = "%%CITATION = ARXIV:1206.5160;%%" }

% Akers:1994ez
% (OPAL_1994_S2927284)
@Article{Akers:1994ez, author    = "Akers, R. and others", collaboration = "OPAL", title     = "{Measurement of the production rates of charged hadrons in e+ e- annihilation at the Z0}", journal   = "Z. Phys.", volume    = "C63", year      = "1994", pages     = "181-196", doi       = "10.1007/BF01411010", SLACcitation  = "%%CITATION = ZEPYA,C63,181;%%" } 

% Alexander:1996qj
% (OPAL_1997_S3396100)
@Article{Alexander:1996qj, author    = "Alexander, G. and others", collaboration = "OPAL", title     = "{Strange baryon production in hadronic $Z^0$ decays}", journal   = "Z. Phys.", volume    = "C73", year      = "1997", pages     = "569-586", doi       = "10.1007/s002880050349", SLACcitation  = "%%CITATION = ZEPYA,C73,569;%%" }

% Aad:2013ueu
% (ATLAS_2013_I1217867)
 @article{Aad:2013ueu, author         = "Aad, Georges and others", title          = "{Measurement of $k_T$ splitting scales in $W\to \ell\nu$ events at $\sqrt{s}$=7 TeV with the ATLAS detector}", collaboration  = " The ATLAS Collaboration", year           = "2013", eprint         = "1302.1415", archivePrefix  = "arXiv", primaryClass   = "hep-ex", reportNumber   = "CERN-PH-EP-2013-003", SLACcitation   = "%%CITATION = ARXIV:1302.1415;%%", } 

% Aad:2010pg
% (ATLAS_2010_S8919674)
@Article{Aad:2010pg, author    = "Collaboration, The ATLAS", title     = "{Measurement of the production cross section for W-bosons in association with jets in $pp$ collisions at $\sqrt{s} = 7$ TeV with the ATLAS detector}", year      = "2010", eprint    = "1012.5382", archivePrefix = "arXiv", primaryClass  =  "hep-ex", SLACcitation  = "%%CITATION = 1012.5382;%%" }

% Albrecht:1993fs
% (ARGUS_1993_S2789213)
@article{Albrecht:1993fs, author         = "Albrecht, H. and others", title          = "{Inclusive production of $K^*(892)$, $\rho^0(770)$, and $\omega(783)$ mesons in the $\Upsilon$ energy region}", collaboration  = "ARGUS Collaboration", journal        = "Z.Phys.", volume         = "C61", pages          = "1-18", doi            = "10.1007/BF01641882", year           = "1994", reportNumber   = "DESY-93-084", SLACcitation   = "%%CITATION = ZEPYA,C61,1;%%", }

% Abazov:2009av
% (D0_2009_S8202443)
@Article{Abazov:2009av, author    = "Abazov, V. M. and others", collaboration = "D0", title     = "{Measurements of differential cross sections of $Z /\gamma^\ast$+jets+X events in proton anti-proton collisions at $\sqrt{s}$=1.96 TeV}", journal   = "Phys. Lett.", volume    = "B678", year      = "2009", pages     = "45-54", eprint    = "0903.1748", archivePrefix = "arXiv", primaryClass  =  "hep-ex", doi       = "10.1016/j.physletb.2009.05.058", SLACcitation  = "%%CITATION = 0903.1748;%%" }

% daCosta:2011qk
% (ATLAS_2011_S8983313)
@Article{daCosta:2011qk, author    = "da Costa, Joao Barreiro Guimaraes and others", collaboration = "ATLAS", title     = "{Search for squarks and gluinos using final states with jets and missing transverse momentum with the ATLAS detector in $\sqrt{s}$ = 7 TeV proton-proton collisions}", year      = "2011", eprint    = "1102.5290", archivePrefix = "arXiv", primaryClass  =  "hep-ex", SLACcitation  = "%%CITATION = 1102.5290;%%" } 

% ATLAS:2012as
% (ATLAS_2012_I1093734)
@article{ATLAS:2012as, author         = "Aad, Georges and others", title          = "Forward--backward correlations and charged-particle azimuthal distributions in $pp$ interactions using the {ATLAS} detector", collaboration  = "ATLAS Collaboration", journal        = "JHEP", volume         = "1207", pages          = "019", doi            = "10.1007/JHEP07(2012)019", year           = "2012", eprint         = "1203.3100", archivePrefix  = "arXiv", primaryClass   = "hep-ex", reportNumber   = "CERN-PH-EP-2012-027", SLACcitation   = "%%CITATION = ARXIV:1203.3100;%%", }

% Alexopoulos:1998bi
% (E735_1998_S3905616)
@Article{Alexopoulos:1998bi, author    = "Alexopoulos, T. and others", title     = "{The role of double parton collisions in soft hadron interactions}", journal   = "Phys. Lett.", volume    = "B435", year      = "1998", pages     = "453-457", doi       = "10.1016/S0370-2693(98)00921-6", SLACcitation  = "%%CITATION = PHLTA,B435,453;%%" }

% Adloff:1999ws
% (H1_2000_S4129130)
@Article{Adloff:1999ws, author    = "Adloff, C. and others", collaboration = "H1", title     = "{Measurements of transverse energy flow in deep inelastic-scattering at HERA}", journal   = "Eur. Phys. J.", volume    = "C12", year      = "2000", pages     = "595-607", eprint    = "hep-ex/9907027", archivePrefix = "arXiv", doi       = "10.1007/s100520000287", SLACcitation  = "%%CITATION = HEP-EX/9907027;%%" }

% Aad:2011hz
% (ATLAS_2011_S9108483)
@Article{Aad:2011hz, author    = "Aad, Georges and others", collaboration = "ATLAS", title     = "{Search for Heavy Long-Lived Charged Particles with the ATLAS detector in $pp$ collisions at $\sqrt{s} = 7$ TeV}", journal   = "Phys. Lett.", volume    = "B703", year      = "2011", pages     = "428-446", eprint    = "1106.4495", archivePrefix = "arXiv", primaryClass  =  "hep-ex", doi       = "10.1016/j.physletb.2011.08.042", SLACcitation  = "%%CITATION = 1106.4495;%%" }

% Artuso:2004pj
% (CLEO_2004_S5809304)
@Article{Artuso:2004pj, author    = "Artuso, M. and others", collaboration = "CLEO", title     = "{Charm meson spectra in $e+ e-$ annihilation at 10.5 GeV}", journal   = "Phys. Rev.", volume    = "D70", year      = "2004", pages     = "112001", eprint    = "hep-ex/0402040", archivePrefix = "arXiv", doi       = "10.1103/PhysRevD.70.112001", SLACcitation  = "%%CITATION = HEP-EX/0402040;%%" }

% Khachatryan:2011as
% (CMS_2011_S8968497)
@Article{Khachatryan:2011as, author    = "Khachatryan, Vardan and others", collaboration = "CMS", title     = "{Measurement of Dijet Angular Distributions and Search for Quark Compositeness in pp Collisions at 7 TeV}", journal   = "Phys. Rev. Lett.", volume    = "106", year      = "2011", pages     = "201804", eprint    = "1102.2020", archivePrefix = "arXiv", primaryClass  =  "hep-ex", doi       = "10.1103/PhysRevLett.106.201804", SLACcitation  = "%%CITATION = 1102.2020;%%" }

% :2012vc
% (CMS_2012_I1184941)
@article{:2012vc, author         = "Chatrchyan, Serguei and others", title          = "{Observation of a diffractive contribution to dijet production in proton-proton collisions at $\sqrt{s} = 7$ TeV}", collaboration  = "CMS Collaboration", year           = "2012", eprint         = "1209.1805", archivePrefix  = "arXiv", primaryClass   = "hep-ex", reportNumber   = "CMS-FWD-10-004, CERN-PH-EP-2012-248", SLACcitation   = "%%CITATION = ARXIV:1209.1805;%%",}

% Aad:2011hd
% (ATLAS_2011_I944826)
@article{Aad:2011hd, author         = "Aad, Georges and others", title          = "{$K_S^0$ and $\Lambda$ production in $pp$ interactions at $\sqrt{s} = 0.9$ and 7 TeV measured with the ATLAS detector at the LHC}", collaboration  = "ATLAS Collaboration", journal        = "Phys.Rev.", volume         = "D85", pages          = "012001", year           = "2012", eprint         = "1111.1297", archivePrefix  = "arXiv", primaryClass   = "hep-ex", reportNumber   = "CERN-PH-EP-2011-168", SLACcitation   = "%%CITATION = ARXIV:1111.1297;%%", }

% Aad:2011cwa
% (ATLAS_2012_I943401)
@article{Aad:2011cwa, author         = "Aad, Georges and others", title          = "{Searches for supersymmetry with the ATLAS detector using final states with two leptons and missing transverse momentum in sqrt{s} = 7 TeV proton-proton collisions}", collaboration  = "ATLAS Collaboration", journal        = "Phys.Lett.", volume         = "B709", pages          = "137-157", doi            = "10.1016/j.physletb.2012.01.076", year           = "2012", eprint         = "1110.6189", archivePrefix  = "arXiv", primaryClass   = "hep-ex", reportNumber   = "CERN-PH-EP-2011-165", SLACcitation   = "%%CITATION = ARXIV:1110.6189;%%", }

% Chatrchyan:2013gfi
% (CMS_2013_I1218372)
@article{Chatrchyan:2013gfi, author         = "Chatrchyan, Serguei and others", title          = "{Study of the underlying event at forward rapidity in pp collisions at $\sqrt{s}$ = 0.9, 2.76, and 7 TeV}", collaboration  = "CMS Collaboration", journal        = "JHEP", volume         = "1304", pages          = "072", doi            = "10.1007/JHEP04(2013)072", year           = "2013", eprint         = "1302.2394", archivePrefix  = "arXiv", primaryClass   = "hep-ex", reportNumber   = "CMS-FWD-11-003, CERN-PH-EP-2013-012", SLACcitation   = "%%CITATION = ARXIV:1302.2394;%%", }

% ATLAS:2012am
% (ATLAS_2012_I1094564)
@article{ATLAS:2012am, author         = "Aad, Georges and others", title          = "{Jet mass and substructure of inclusive jets in $\sqrt{s}=7$ TeV $pp$ collisions with the ATLAS experiment}", collaboration  = "ATLAS Collaboration", journal        = "JHEP", volume         = "1205", pages          = "128", doi            = "10.1007/JHEP05(2012)128", year           = "2012", eprint         = "1203.4606", archivePrefix  = "arXiv", primaryClass   = "hep-ex", reportNumber   = "CERN-PH-EP-2012-031", SLACcitation   = "%%CITATION = ARXIV:1203.4606;%%", }

% ATLAS:2012al
% (ATLAS_2012_I1094568)
@article{ATLAS:2012al, author         = "Aad, Georges and others", title          = "{Measurement of $t \bar{t}$ production with a veto on additional central jet activity in $pp$ collisions at $\sqrt{s} = 7$ TeV using the ATLAS detector}", collaboration  = "ATLAS Collaboration", journal        = "Eur.Phys.J.", volume         = "C72", pages          = "2043", doi            = "10.1140/epjc/s10052-012-2043-9", year           = "2012", eprint         = "1203.5015", archivePrefix  = "arXiv", primaryClass   = "hep-ex", reportNumber   = "CERN-PH-EP-2012-062", SLACcitation   = "%%CITATION = ARXIV:1203.5015;%%", }

% Acosta:2005ix
% (CDF_2005_S6217184)
@Article{Acosta:2005ix, author    = "Acosta, Darin E. and others", collaboration = "CDF", title     = "{Study of jet shapes in inclusive jet production in $p\bar{p}$ collisions  at $\sqrt{s} = 1.96$ TeV}", journal   = "Phys. Rev.", volume    = "D71", year      = "2005", pages     = "112002", eprint    = "hep-ex/0505013", archivePrefix = "arXiv", doi       = "10.1103/PhysRevD.71.112002", SLACcitation  = "%%CITATION = HEP-EX/0505013;%%" }

% MovillaFernandez:1997fr
% (JADE_1998_S3612880)
@Article{MovillaFernandez:1997fr, author    = "Movilla Fernandez, P. A. and Biebel, O. and Bethke, S. and Kluth, S. and Pfeifenschneider, P.", collaboration = "JADE", title     = "{A study of event shapes and determinations of $\alpha_s$ using data of  $e^+ e^-$ annihilations at $\sqrt{s} =$ 22 GeV to 44 GeV}", journal   = "Eur. Phys. J.", volume    = "C1", year      = "1998", pages     = "461-478", eprint    = "hep-ex/9708034", archivePrefix = "arXiv", doi       = "10.1007/s100520050096", SLACcitation  = "%%CITATION = HEP-EX/9708034;%%" }

% Aad:2013fba
% (ATLAS_2013_I1243871)
@article{Aad:2013fba, author         = "Aad, Georges and others", title          = "{Measurement of jet shapes in top pair events at $\sqrt{s} = 7$ TeV using the ATLAS detector}", collaboration  = "ATLAS Collaboration", year           = "2013", eprint         = "1307.5749", archivePrefix  = "arXiv", primaryClass   = "hep-ex", reportNumber   = "CERN-PH-EP-2013-067", SLACcitation   = "%%CITATION = ARXIV:1307.5749;%%", }

% Acosta:2004wqa
% (CDF_2004_S5839831)
@Article{Acosta:2004wqa, author    = "Acosta, Darin E. and others", collaboration = "CDF", title     = "{The underlying event in hard interactions at the Tevatron $\bar{p}p$  collider}", journal   = "Phys. Rev.", volume    = "D70", year      = "2004", pages     = "072002", eprint    = "hep-ex/0404004", archivePrefix = "arXiv", doi       = "10.1103/PhysRevD.70.072002", SLACcitation  = "%%CITATION = HEP-EX/0404004;%%" }

% Abelev:2006cs
% (STAR_2006_S6860818)
@Article{Abelev:2006cs, author    = "Abelev, B. I. and others", collaboration = "STAR", title     = "{Strange particle production in p + p collisions at s**(1/2) = 200-GeV}", journal   = "Phys. Rev.", volume    = "C75", year      = "2007", pages     = "064901", eprint    = "nucl-ex/0607033", archivePrefix = "arXiv", doi       = "10.1103/PhysRevC.75.064901", SLACcitation  = "%%CITATION = NUCL-EX/0607033;%%" }

% Barate:1999bg
% (ALEPH_1999_S4193598)
@article{Barate:1999bg, author         = "Barate, R. and others", title          = "{Study of charm production in Z decays}", collaboration  = "ALEPH Collaboration", journal        = "Eur.Phys.J.", volume         = "C16", pages          = "597-611", doi            = "10.1007/s100520000421", year           = "2000", eprint         = "hep-ex/9909032", archivePrefix  = "arXiv", primaryClass   = "hep-ex", }

% Aad:2011xm
% (ATLAS_2011_S9019561)
@Article{Aad:2011xm, author    = "Aad, Georges and others", collaboration = "ATLAS", title     = "{Search for supersymmetric particles in events with lepton pairs and large missing transverse momentum in sqrt{s} = 7 TeV proton-proton collisions with the ATLAS experiment}", year      = "2011", eprint    = "1103.6214", archivePrefix = "arXiv", primaryClass  =  "hep-ex", SLACcitation  = "%%CITATION = 1103.6214;%%" }


% Abazov:2010fr
% (D0_2010_S8566488)
@Article{Abazov:2010fr, author    = "Abazov, V. M. and others", collaboration = "D0", title     = "{Measurement of the dijet invariant mass cross section in $p\overline{p}$ collisions at $\sqrt{s} =$ 1.96 TeV}", year      = "2010", eprint    = "1002.4594", archivePrefix = "arXiv", primaryClass  =  "hep-ex", SLACcitation  = "%%CITATION = 1002.4594;%%" }

% Khachatryan:2011hf
% (CMS_2011_S8941262)
@Article{Khachatryan:2011hf, author    = "Khachatryan, Vardan and others", collaboration = "CMS", title     = "{Inclusive $b$-hadron production cross-section with muons in $pp$ collisions at $\sqrt{s} = 7$~TeV}", journal   = "JHEP", volume    = "03", year      = "2011", pages     = "090", eprint    = "1101.3512", archivePrefix = "arXiv", primaryClass  =  "hep-ex", doi       = "10.1007/JHEP03(2011)090", SLACcitation  = "%%CITATION = 1101.3512;%%" }

% Aad:2011gj
% (ATLAS_2011_S9131140)
@Article{Aad:2011gj, author    = "Aad, Georges and others", collaboration = "ATLAS", title     = "{Measurement of the transverse momentum distribution of $Z/\gamma^*$ bosons in proton-proton collisions at $\sqrt{s} = 7$\;TeV with the ATLAS detector}", year      = "2011", eprint    = "1107.2381", archivePrefix = "arXiv", primaryClass  =  "hep-ex", SLACcitation  = "%%CITATION = 1107.2381;%%" }

% Aad:2011gn
% (ATLAS_2011_I919017)
@article{Aad:2011gn, author         = "Aad, Georges and others", title          = "{Properties of jets measured from tracks in proton--proton collisions at center-of-mass energy $\sqrt{s} = 7$\;TeV with the ATLAS detector}", collaboration  = "ATLAS", year           = "2011", eprint         = "1107.3311", archivePrefix  = "arXiv", primaryClass   = "hep-ex", }

% Alexander:1995qb
% (OPAL_1996_S3257789)
@article{Alexander:1995qb, author         = "Alexander, G. and others", title          = "{$J/\psi$ and $\psi^\prime$ production in hadronic $Z^0$ decays}", collaboration  = "OPAL Collaboration", journal        = "Z.Phys.", volume         = "C70", pages          = "197-210", doi            = "10.1007/s002880050096", year           = "1996", reportNumber   = "CERN-PPE-95-153", SLACcitation   = "%%CITATION = ZEPYA,C70,197;%%", }

% Abazov:2010ah
% (D0_2010_S8570965)
@Article{Abazov:2010ah, author    = "Abazov, V. M. and others", collaboration = "D0", title     = "{Measurement of direct photon pair production cross sections in $p \bar{p}$ collisions at $\sqrt{s} = 1.96$ TeV}", year      = "2010", eprint    = "1002.4917", archivePrefix = "arXiv", primaryClass  =  "hep-ex", SLACcitation  = "%%CITATION = 1002.4917;%%" }

% Alner:1987wb
% (UA5_1987_S1640666)
@Article{Alner:1987wb, author    = "Alner, G. J. and others", collaboration = "UA5", title     = "{UA5: A general study of proton-antiproton physics at $\sqrt{s}$ = 546-GeV}", journal   = "Phys. Rept.", volume    = "154", year      = "1987", pages     = "247-383", doi       = "10.1016/0370-1573(87)90130-X", SLACcitation  = "%%CITATION = PRPLC,154,247;%%" }

% Aaltonen:2008mt
% (CDF_2008_S8095620)
@Article{Aaltonen:2008mt, author    = "Aaltonen, T. and others", collaboration = "CDF", title     = "{Measurement of Cross Sections for $b$ Jet Production in Events with a $Z$ Boson in $p^-$ anti-p Collisions at $\sqrt{s}$ = 1.96-TeV}", journal   = "Phys. Rev.", volume    = "D79", year      = "2009", pages     = "052008", eprint    = "0812.4458", archivePrefix = "arXiv", primaryClass  =  "hep-ex", doi       = "10.1103/PhysRevD.79.052008", SLACcitation  = "%%CITATION = 0812.4458;%%" }

% Abe:1996nn
% (CDF_1996_S3349578)
@Article{Abe:1996nn, author    = "Abe, F. and others", collaboration = "CDF", title     = "{Further Properties of High-Mass Multijet Events at the Fermilab Proton-Antiproton Collider}", journal   = "Phys. Rev.", volume    = "D54", year      = "1996", pages     = "4221-4233", eprint    = "hep-ex/9605004", archivePrefix = "arXiv", doi       = "10.1103/PhysRevD.54.4221", SLACcitation  = "%%CITATION = HEP-EX/9605004;%%" }

% Abreu:1998nn
% (DELPHI_1999_S3960137)
@Article{Abreu:1998nn, author    = "Abreu, P. and others", collaboration = "DELPHI", title     = "{Measurement of inclusive $\rho^0$, $f^0(980)$, $f_2(1270)$, $K^{*0}_2(1430)$  and $f^\prime_2(1525)$ production in $Z^0$ decays}", journal   = "Phys. Lett.", volume    = "B449", year      = "1999", pages     = "364-382", doi       = "10.1016/S0370-2693(99)00105-7", SLACcitation  = "%%CITATION = PHLTA,B449,364;%%" }

% Abbiendi:2004qz
% (OPAL_2004_S6132243)
@Article{Abbiendi:2004qz, author    = "Abbiendi, G. and others", collaboration = "OPAL", title     = "{Measurement of event shape distributions and moments in $e^+ e^- \to$ hadrons at 91 GeV - 209 GeV and a determination of $\alpha_s$}", journal   = "Eur. Phys. J.", volume    = "C40", year      = "2005", pages     = "287-316", eprint    = "hep-ex/0503051", archivePrefix = "arXiv", doi       = "10.1140/epjc/s2005-02120-6", SLACcitation  = "%%CITATION = HEP-EX/0503051;%%" }

% :2012fs
% (ATLAS_2012_I1125575)
@article{:2012fs, author         = "Aad, Georges and others", title          = "{Underlying event characteristics and their dependence on jet size of charged-particle jet events in $pp$ collisions at $\sqrt{s}=7$ TeV with the ATLAS detector}", collaboration  = "ATLAS Collaboration", journal        = "Phys.Rev.", volume         = "D86", pages          = "072004", doi            = "10.1103/PhysRevD.86.072004", year           = "2012", eprint         = "1208.0563", archivePrefix  = "arXiv", primaryClass   = "hep-ex", reportNumber   = "CERN-PH-EP-2012-148", SLACcitation   = "%%CITATION = ARXIV:1208.0563;%%", }

% Affolder:1999ua
% (CDF_2000_S4266730)
@Article{Affolder:1999ua, author    = "Affolder, Anthony Allen and others", collaboration = "CDF", title     = "{A measurement of the differential dijet mass cross section in $p\bar{p}$  collisions at $\sqrt{s} = 1.8$ TeV}", journal   = "Phys. Rev.", volume    = "D61", year      = "2000", pages     = "091101", eprint    = "hep-ex/9912022", archivePrefix = "arXiv", doi       = "10.1103/PhysRevD.61.091101", SLACcitation  = "%%CITATION = HEP-EX/9912022;%%" }

% Aspell:2012ux
% (TOTEM_2012_I1115294)
@article{Aspell:2012ux, author         = "Aspell, P.", title          = "{Measurement of the forward charged particle pseudorapidity density in $pp$ collisions at $\sqrt{s} = 7$\;TeV with the TOTEM experiment}", collaboration  = "TOTEM Collaboration", journal        = "Europhys.Lett.", volume         = "98", pages          = "31002", doi            = "10.1209/0295-5075/98/31002", year           = "2012", eprint         = "1205.4105", archivePrefix  = "arXiv", primaryClass   = "hep-ex", SLACcitation   = "%%CITATION = ARXIV:1205.4105;%%", }

% Aad:2012I1112263
% (ATLAS_2012_I1112263)
@article{Aad:2012I1112263, author         = "Aad, Georges and others", title          = "{Search for supersymmetry in events with three leptons and missing transverse momentum in $\sqrt{s}$ = 7 TeV pp collisions with the ATLAS detector}", collaboration  = "ATLAS Collaboration", year           = "2012", note           = "5 pages plus author list (18 pages total), 2 figures, 1 table, submitted to Physics Review Letters", eprint         = "1204.5638", archivePrefix  = "arXiv", primaryClass   = "hep-ex", reportNumber   = "CERN-PH-EP-2012-098", SLACcitation   = "%%CITATION = ARXIV:1204.5638;%%", }

% Abazov:2001nta
% (D0_2001_S4674421)
@Article{Abazov:2001nta, author    = "Abazov, V. M. and others", collaboration = "D0", title     = "{Measurement of the ratio of differential cross sections for $W$ and $Z$ boson production as a function of transverse momentum in $p\bar{p}$ collisions at $\sqrt{s} = 1.8$\;TeV}", journal   = "Phys. Lett.", volume    = "B517", year      = "2001", pages     = "299-308", eprint    = "hep-ex/0107012", archivePrefix = "arXiv", doi       = "10.1016/S0370-2693(01)01020-6", SLACcitation  = "%%CITATION = HEP-EX/0107012;%%" }

% :2008hua
% (D0_2008_S7662670)
@Article{:2008hua, author    = "Abazov, V. M. and others", collaboration = "D0", title     = "{Measurement of the inclusive jet cross-section in $p \bar{p}$ collisions at $s^{1/2} = $1.96 TeV}", journal   = "Phys. Rev. Lett.", volume    = "101", year      = "2008", pages     = "062001", eprint    = "0802.2400", archivePrefix = "arXiv", primaryClass  =  "hep-ex", doi       = "10.1103/PhysRevLett.101.062001", SLACcitation  = "%%CITATION = 0802.2400;%%" }

% Abazov:2005wc
% (D0_2006_S6438750)
@Article{Abazov:2005wc, author    = "Abazov, V. M. and others", collaboration = "D0", title     = "{Measurement of the isolated photon cross section in $p \bar{p}$ collisions at $\sqrt{s} = 1.96$ TeV}", journal   = "Phys. Lett.", volume    = "B639", year      = "2006", pages     = "151-158", eprint    = "hep-ex/0511054", archivePrefix = "arXiv", doi       = "10.1016/j.physletb.2006.04.048", SLACcitation  = "%%CITATION = HEP-EX/0511054;%%" }

% Ansorge:1988kn
% (UA5_1989_S1926373)
@Article{Ansorge:1988kn, author    = "Ansorge, R. E. and others", collaboration = "UA5", title     = "{Charged Particle Multiplicity Distributions at 200-GeV and 900-GeV Center-Of-Mass Energy}", journal   = "Z. Phys.", volume    = "C43", year      = "1989", pages     = "357", doi       = "10.1007/BF01506531", SLACcitation  = "%%CITATION = ZEPYA,C43,357;%%" }

% Abe:1997yb
% (CDF_1997_S3541940)
@Article{Abe:1997yb, author    = "Abe, F. and others", collaboration = "CDF", title     = "{Properties of six-jet events with large six-jet mass at the Fermilab $p\bar{p}$ collider}", journal   = "Phys. Rev.", volume    = "D56", year      = "1997", pages     = "2532-2543", doi       = "10.1103/PhysRevD.56.2532", SLACcitation  = "%%CITATION = PHRVA,D56,2532;%%" }

% :2012fc
% (ATLAS_2012_I1118269)
@article{:2012fc, author         = "Aad, Georges and others", title          = "{Measurement of the $b$-hadron production cross section using decays to $D^*\mu^-X$ final states in $pp$ collisions at $\sqrt{s} = 7$\;TeV with the ATLAS detector}", collaboration  = "ATLAS Collaboration", journal        = "Nucl.Phys.", volume         = "B864", pages          = "341-381", doi            = "10.1016/j.nuclphysb.2012.07.009", year           = "2012", eprint         = "1206.3122", archivePrefix  = "arXiv", primaryClass   = "hep-ex", reportNumber   = "CERN-PH-EP-2012-121", SLACcitation   = "%%CITATION = ARXIV:1206.3122;%%", }

% Collaboration:2011tq
% (ATLAS_2011_S9128077)
@Article{Collaboration:2011tq, author    = "Collaboration, ATLAS", title     = "{Measurement of multi-jet cross sections in proton-proton collisions at a 7 TeV center-of-mass energy}", year      = "2011", eprint    = "1107.2092", archivePrefix = "arXiv", primaryClass  =  "hep-ex", SLACcitation  = "%%CITATION = 1107.2092;%%" }

% Aamodt:2010my
% (ALICE_2010_S8706239)
@Article{Aamodt:2010my, author    = "Aamodt, K and others", collaboration = "ALICE", title     = "{Transverse momentum spectra of charged particles in proton-proton collisions at $\sqrt{s} = 900$~GeV with ALICE at the LHC}", journal   = "Phys. Lett.", volume    = "B693", year      = "2010", pages     = "53-68", eprint    = "1007.0719", archivePrefix = "arXiv", primaryClass  =  "hep-ex", doi       = "10.1016/j.physletb.2010.08.026", SLACcitation  = "%%CITATION = 1007.0719;%%" }

% CMS-PAS-QCD-10-024
% (CMS_QCD_10_024)
@article{CMS-PAS-QCD-10-024, title        = "Pseudorapidity distributions of charged particles in $pp$ collisions at $\sqrt{s} = 7\;\TeV$ with at least one central charged particle", year         = "2011", }

% Chatrchyan:2011wt
% (CMS_2012_I941555)
@article{Chatrchyan:2011wt, author         = "Chatrchyan, Serguei and others", title          = "{Measurement of the Rapidity and Transverse Momentum Distributions of $Z$ Bosons in $pp$ Collisions at $\sqrt{s}=7$ TeV}", collaboration  = "CMS Collaboration", journal        = "Phys.Rev.", volume         = "D85", pages          = "032002", doi            = "10.1103/PhysRevD.85.032002", year           = "2012", eprint         = "1110.4973", archivePrefix  = "arXiv", primaryClass   = "hep-ex", reportNumber   = "CMS-EWK-10-010, CERN-PH-EP-2011-169", SLACcitation   = "%%CITATION = ARXIV:1110.4973;%%", }

% Pfeifenschneider:1999rz
% (JADE_OPAL_2000_S4300807)
@Article{Pfeifenschneider:1999rz, author    = "Pfeifenschneider, P. and others", collaboration = "JADE", title     = "{QCD analyses and determinations of alpha(s) in e+ e- annihilation at  energies between 35-GeV and 189-GeV}", journal   = "Eur. Phys. J.", volume    = "C17", year      = "2000", pages     = "19-51", eprint    = "hep-ex/0001055", archivePrefix = "arXiv", doi       = "10.1007/s100520000432", SLACcitation  = "%%CITATION = HEP-EX/0001055;%%" }

% Pfeifenschneider:1999rza
% (JADE_OPAL_2000_S4300807a)
@Article{Pfeifenschneider:1999rza, author    = "Pfeifenschneidera, P. and others", collaboration = "JADE", title     = "{QCD analyses and determinations of alpha(s) in e+ e- annihilation at  energies between 35-GeV and 189-GeV}", journal   = "Eur. Phys. J.", volume    = "C17", year      = "2000", pages     = "19-51", eprint    = "hep-ex/0001055", archivePrefix = "arXiv", doi       = "10.1007/s100520000432", SLACcitation  = "%%CITATION = HEP-EX/0001055;%%" }

% Chatrchyan:2011wn
% (CMS_2011_S9088458)
@article{Chatrchyan:2011wn, author         = "Chatrchyan, Serguei and others", title          = "{Measurement of the ratio of the 3-jet to 2-jet cross sections in $pp$ collisions at $\sqrt{s} = 7$ TeV}", collaboration  = "CMS Collaboration", journal        = "Phys.Lett.", volume         = "B702", pages          = "336-354", year           = "2011", eprint         = "1106.0647", archivePrefix  = "arXiv", primaryClass   = "hep-ex",}

% Chatrchyan:2011wm
% (CMS_2011_S9215166)
@Article{Chatrchyan:2011wm, author    = "Chatrchyan, Serguei and others", collaboration = "CMS", title     = "{Measurement of energy flow at large pseudorapidities in $pp$ collisions at $\sqrt{s}$ = 0.9 and 7 TeV}", journal   = "JHEP", volume    = "11", year      = "2011", pages     = "148", eprint    = "1110.0211", archivePrefix = "arXiv", primaryClass  =  "hep-ex", doi       = "10.1007/JHEP11(2011)148", SLACcitation  = "%%CITATION = 1110.0211;%%" }

% Affolder:1999jh
% (CDF_2000_S4155203)
@Article{Affolder:1999jh, author    = "Affolder, Anthony Allen and others", collaboration = "CDF", title     = "{The transverse momentum and total cross section of $e^+e^-$ pairs in the $Z$ boson region from $p\bar{p}$ collisions at $\sqrt{s} = 1.8$ TeV}", journal   = "Phys. Rev. Lett.", volume    = "84", year      = "2000", pages     = "845-850", eprint    = "hep-ex/0001021", archivePrefix = "arXiv", doi       = "10.1103/PhysRevLett.84.845", SLACcitation  = "%%CITATION = HEP-EX/0001021;%%" }

% Aad:2012wfa
% (ATLAS_2012_I1204784)
@article{Aad:2012wfa, author         = "Aad, Georges and others", title          = "{Measurement of angular correlations in Drell-Yan lepton pairs to probe Z/gamma* boson transverse momentum at sqrt(s)=7 TeV with the ATLAS detector}", collaboration  = "ATLAS Collaboration", year           = "2012", eprint         = "1211.6899", archivePrefix  = "arXiv", primaryClass   = "hep-ex", reportNumber   = "CERN-PH-EP-2012-325", SLACcitation   = "%%CITATION = ARXIV:1211.6899;%%", }

% Aaij:2010nx
% (LHCB_2010_S8758301)
@Article{Aaij:2010nx, author    = "Aaij, R and others", collaboration = "LHCb", title     = "{Prompt $K_s$ production in $pp$ collisions at $\sqrt{s} = 0.9\;\TeV$}", journal   = "Phys. Lett.", volume    = "B693", year      = "2010", pages     = "69-80", eprint    = "1008.3105", archivePrefix = "arXiv", primaryClass  =  "Unknown", doi       = "10.1016/j.physletb.2010.08.055", SLACcitation  = "%%CITATION = 1008.3105;%%" }

% Alner:1986xu
% (UA5_1986_S1583476)
@Article{Alner:1986xu, author    = "Alner, G. J. and others", collaboration = "UA5", title     = "{Scaling of Pseudorapidity Distributions at c.m. Energies Up to 0.9-TeV}", journal   = "Z. Phys.", volume    = "C33", year      = "1986", pages     = "1-6", doi       = "10.1007/BF01410446", SLACcitation  = "%%CITATION = ZEPYA,C33,1;%%" }

% Chekanov:2001bw
% (ZEUS_2001_S4815815)
@Article{Chekanov:2001bw, author    = "Chekanov, S. and others", collaboration = "ZEUS", title     = "{Dijet photoproduction at HERA and the structure of the photon}", journal   = "Eur. Phys. J.", volume    = "C23", year      = "2002", pages     = "615-631", eprint    = "hep-ex/0112029", archivePrefix = "arXiv", doi       = "10.1007/s100520200936", SLACcitation  = "%%CITATION = HEP-EX/0112029;%%" }

% :2012
% (CMS_2012_I1193338)
@article{:2012, author         = "Chatrchyan, Serguei and others", title          = "{Measurement of the inelastic proton-proton cross section at $\sqrt{s} = 7$ TeV}", collaboration  = " CMS Collaboration", year           = "2012", eprint         = "1210.6718", archivePrefix  = "arXiv", primaryClass   = "hep-ex", reportNumber   = "CMS-FWD-11-001, CERN-PH-EP-2012-293", SLACcitation   = "%%CITATION = ARXIV:1210.6718;%%",}

% Aaltonen:2009pc
% (CDF_2009_S8383952)
@Article{Aaltonen:2009pc, author    = "Aaltonen, T. and others", collaboration = "CDF", title     = "{Measurement of $d\sigma/dy$ of Drell-Yan $e^+e^-$ pairs in the $Z$ Mass Region from $p\bar{p}$ Collisions at $\sqrt{s}=1.96$ TeV}", year      = "2009", eprint    = "0908.3914", archivePrefix = "arXiv", primaryClass  =  "hep-ex", SLACcitation  = "%%CITATION = 0908.3914;%%" }

% Khachatryan:2011zj
% (CMS_2011_S8950903)
@article{Khachatryan:2011zj, author         = "Khachatryan, Vardan and others", title          = "{Dijet azimuthal decorrelations in $pp$ collisions at $\sqrt{s} = 7$~TeV}", collaboration  = "CMS Collaboration", journal        = "Phys.Rev.Lett.", volume         = "106", pages          = "122003", doi            = "10.1103/PhysRevLett.106.122003", year           = "2011", eprint         = "1101.5029", archivePrefix  = "arXiv", primaryClass   = "hep-ex",}

% Abazov:2006gs
% (D0_2008_S6879055)
@Article{Abazov:2006gs, author    = "Abazov, V. M. and others", collaboration = "D0", title     = "{Measurement of the ratios of the $Z/\gamma^* + \ge n$-jet production cross-sections to the total inclusive $Z/\gamma^*$ cross section in $p \bar{p}$ collisions at $\sqrt{s} = 1.96$ TeV}", journal   = "Phys. Lett.", volume    = "B658", year      = "2008", pages     = "112-119", eprint    = "hep-ex/0608052", archivePrefix = "arXiv", doi       = "10.1016/j.physletb.2007.10.046", SLACcitation  = "%%CITATION = HEP-EX/0608052;%%" }

% Aubert:2002hc
% (BABAR_2003_I593379)
@article{Aubert:2002hc, author         = "Aubert, Bernard and others", title          = "{Study of inclusive production of charmonium mesons in $B$ decay}", collaboration  = "BABAR Collaboration", journal        = "Phys.Rev.", volume         = "D67", pages          = "032002", doi            = "10.1103/PhysRevD.67.032002", year           = "2003", eprint         = "hep-ex/0207097", archivePrefix  = "arXiv", primaryClass   = "hep-ex", reportNumber   = "SLAC-PUB-9327, BABAR-PUB-02-04", SLACcitation   = "%%CITATION = HEP-EX/0207097;%%", }

% Abt:1994ye
% (H1_1994_S2919893)
@Article{Abt:1994ye, author    = "Abt, I. and others", collaboration = "H1", title     = "{Energy flow and charged particle spectrum in deep inelastic scattering at HERA}", journal   = "Z. Phys.", volume    = "C63", year      = "1994", pages     = "377-390", doi       = "10.1007/BF01580319", SLACcitation  = "%%CITATION = ZEPYA,C63,377;%%" }

% Aamodt:2011zj
% (ALICE_2011_S8945144)
@article{Aamodt:2011zj, author         = "Aamodt, K. and others", title          = "{Production of pions, kaons and protons in $pp$ collisions at $\sqrt{s}= 900$ GeV with ALICE at the LHC}", collaboration  = "ALICE", journal        = "Eur.Phys.J.", volume         = "C71", pages          = "1655", doi            = "10.1140/epjc/s10052-011-1655-9", year           = "2011", eprint         = "1101.4110", archivePrefix  = "arXiv", primaryClass   = "hep-ex", reportNumber   = "CERN-PH-EP-2010-085", SLACcitation   = "%%CITATION = ARXIV:1101.4110;%%", }

% Aad:2011rr
% (ATLAS_2011_I926145)
@article{Aad:2011rr, author         = "Aad, Georges and others", title          = "{Measurements of the electron and muon inclusive cross-sections in proton-proton collisions at $\sqrt{s} = 7$ TeV with the ATLAS detector}", collaboration  = "ATLAS Collaboration", year           = "2011", eprint         = "1109.0525", archivePrefix  = "arXiv", primaryClass   = "hep-ex", reportNumber   = "CERN-PH-EP-2011-108", SLACcitation   = "%%CITATION = ARXIV:1109.0525;%%", }

% Abulencia:2005yg
% (CDF_2006_S6450792)
@Article{Abulencia:2005yg, author    = "Abulencia, A. and others", collaboration = "CDF", title     = "{Measurement of the inclusive jet cross section in $p\bar{p}$ interactions at $\sqrt{s} =$ 1.96-TeV using a cone-based jet algorithm}", journal   = "Phys. Rev.", volume    = "D74", year      = "2006", pages     = "071103", eprint    = "hep-ex/0512020", archivePrefix = "arXiv", doi       = "10.1103/PhysRevD.74.071103", SLACcitation  = "%%CITATION = HEP-EX/0512020;%%" }

% Seuster:2005tr
% (BELLE_2006_S6265367)
@Article{Seuster:2005tr, author    = "Seuster, R. and others", collaboration = "Belle", title     = "{Charm hadrons from fragmentation and $B$ decays in $e^+ e^-$ annihilation at  $\sqrt{s}$ = 10.6\,GeV}", journal   = "Phys. Rev.", volume    = "D73", year      = "2006", pages     = "032002", eprint    = "hep-ex/0506068", archivePrefix = "arXiv", doi       = "10.1103/PhysRevD.73.032002", SLACcitation  = "%%CITATION = HEP-EX/0506068;%%" }

% Heister:2001jg
% (ALEPH_2001_S4656318)
@Article{Heister:2001jg, author    = "Heister, A. and others", collaboration = "ALEPH", title     = "{Study of the fragmentation of b quarks into B mesons at the Z peak}", journal   = "Phys. Lett.", volume    = "B512", year      = "2001", pages     = "30-48", eprint    = "hep-ex/0106051", archivePrefix = "arXiv", doi       = "10.1016/S0370-2693(01)00690-6", SLACcitation  = "%%CITATION = HEP-EX/0106051;%%" }

% Heister:2003aj
% (ALEPH_2004_S5765862)
@Article{Heister:2003aj, author    = "Heister, A. and others", collaboration = "ALEPH", title     = "{Studies of QCD at e+ e- centre-of-mass energies between 91-GeV and  209-GeV}", journal   = "Eur. Phys. J.", volume    = "C35", year      = "2004", pages     = "457-486", doi       = "10.1140/epjc/s2004-01891-4", SLACcitation  = "%%CITATION = EPHJA,C35,457;%%" }

% Aamodt:2010ft
% (ALICE_2010_S8624100)
@Article{Aamodt:2010ft, author    = "Aamodt, K. and others", collaboration = "ALICE", title     = "{Charged-particle multiplicity measurement in proton-proton collisions at $\sqrt{s} = 0.9$ and 2.36 TeV with ALICE at LHC}", journal   = "Eur. Phys. J.", volume    = "C68", year      = "2010", pages     = "89-108", eprint    = "1004.3034", archivePrefix = "arXiv", primaryClass  =  "hep-ex", doi       = "10.1140/epjc/s10052-010-1339-x", SLACcitation  = "%%CITATION = 1004.3034;%%" }

% Abazov:2007jy
% (D0_2007_S7075677)
@Article{Abazov:2007jy, author    = "Abazov, V. M. and others", collaboration = "D0", title     = "{Measurement of the shape of the boson rapidity distribution for $p \bar{p} \to Z/gamma^* \to e^{+} e^{-}$ + $X$ events produced at $\sqrt{s}$ of 1.96-TeV}", journal   = "Phys. Rev.", volume    = "D76", year      = "2007", pages     = "012003", eprint    = "hep-ex/0702025", archivePrefix = "arXiv", doi       = "10.1103/PhysRevD.76.012003", SLACcitation  = "%%CITATION = HEP-EX/0702025;%%" }

% Chatrchyan:2013tna
% (CMS_2013_I1209721)
@article{Chatrchyan:2013tna, author         = "Chatrchyan, Serguei and others", title          = "{Event shapes and azimuthal correlations in $Z$ + jets events in $pp$ collisions at $\sqrt{s}=7$ TeV}", collaboration  = "CMS Collaboration", journal        = "Phys.Lett.", volume         = "B722", pages          = "238-261", doi            = "10.1016/j.physletb.2013.04.025", year           = "2013", eprint         = "1301.1646", archivePrefix  = "arXiv", primaryClass   = "hep-ex", reportNumber   = "CMS-EWK-11-021, CERN-PH-EP-2013-001", SLACcitation   = "%%CITATION = ARXIV:1301.1646;%%", }

% Chatrchyan:2011ci
% (CMS_2011_I954992)
@article{Chatrchyan:2011ci, author         = "Chatrchyan, Serguei and others", title          = "{Exclusive photon--photon production of muon pairs in proton--proton collisions at $\sqrt{s} = 7$ TeV}", collaboration  = "CMS Collaboration", journal        = "JHEP", volume         = "1201", pages          = "052", doi            = "10.1007/JHEP01(2012)052", year           = "2012", eprint         = "1111.5536", archivePrefix  = "arXiv", primaryClass   = "hep-ex", reportNumber   = "CERN-PH-EP-2011-187, CMS-FWD-10-005", SLACcitation   = "%%CITATION = ARXIV:1111.5536;%%",}

% Abazov:2008qv
% (D0_2008_S7837160)
@Article{Abazov:2008qv, author    = "Abazov, V. M. and others", collaboration = "D0", title     = "{Measurement of the electron charge asymmetry in $p \bar{p} \to W + X \to e \nu + X$ events at $\sqrt{s}$ = 1.96-TeV}", journal   = "Phys. Rev. Lett.", volume    = "101", year      = "2008", pages     = "211801", eprint    = "0807.3367", archivePrefix = "arXiv", primaryClass  =  "hep-ex", doi       = "10.1103/PhysRevLett.101.211801", SLACcitation  = "%%CITATION = 0807.3367;%%" }

% Abazov:2010mk
% (D0_2010_S8821313)
@Article{Abazov:2010mk, author    = "Abazov, Victor Mukhamedovich and others", collaboration = "D0", title     = "{Precise study of the Z/gamma* boson transverse momentum distribution in ppbar collisions using a novel technique}", year      = "2010", eprint    = "1010.0262", archivePrefix = "arXiv", primaryClass  =  "hep-ex", SLACcitation  = "%%CITATION = 1010.0262;%%" }

% Abe:2002iq
% (SLD_2002_S4869273)
@Article{Abe:2002iq, author    = "Abe, Koya and others", collaboration = "SLD", title     = "{Measurement of the b-quark fragmentation function in Z0 decays}", journal   = "Phys. Rev.", volume    = "D65", year      = "2002", pages     = "092006", eprint    = "hep-ex/0202031", archivePrefix = "arXiv", doi       = "10.1103/PhysRevD.65.092006", note      = "[Erratum-ibid.D66:079905,2002]", SLACcitation  = "%%CITATION = HEP-EX/0202031;%%" }

% Braunschweig:1990yd
% (TASSO_1990_S2148048)
@Article{Braunschweig:1990yd, author    = "Braunschweig, W. and others", collaboration = "TASSO", title     = "{Global jet properties at 14\;GeV to 44\;GeV center-of-mass energy in $e^+e^-$ annihilation}", journal   = "Z. Phys.", volume    = "C47", year      = "1990", pages     = "187-198", doi       = "10.1007/BF01552339", SLACcitation  = "%%CITATION = ZEPYA,C47,187;%%" }

% Aad:2011zj
% (ATLAS_2012_I946427)
@article{Aad:2011zj, author         = "Aad, Georges and others", title          = "{Search for Diphoton Events with Large Missing Transverse Momentum in $1\,\text{fb}^{-1}$ of 7 TeV Proton-Proton Collision Data with the ATLAS Detector}", collaboration  = "ATLAS Collaboration", journal        = "Phys.Lett.", volume         = "B710", pages          = "519-537", year           = "2012", eprint         = "1111.4116", archivePrefix  = "arXiv", primaryClass   = "hep-ex", reportNumber   = "CERN-PH-EP-2011-160", SLACcitation   = "%%CITATION = ARXIV:1111.4116;%%", }

% Chatrchyan:2013oda
% (CMS_2013_I1258128)
@article{Chatrchyan:2013oda, author         = "Chatrchyan, Serguei and others", title          = "{Rapidity distributions in exclusive $Z$+jet and photon+jet events in $pp$ collisions at $\sqrt{s}=7$ TeV}", collaboration  = "CMS Collaboration", year           = "2013", eprint         = "1310.3082", archivePrefix  = "arXiv", primaryClass   = "hep-ex", reportNumber   = "CMS-SMP-12-004, CERN-PH-EP-2013-169", SLACcitation   = "%%CITATION = ARXIV:1310.3082;%%",}

% :2012dr
% (ATLAS_2012_I1183818)
@article{:2012dr, author         = "Aad, Georges and others", title          = "{Measurements of the pseudorapidity dependence of the total transverse energy in proton-proton collisions at $\sqrt{s} = 7$ TeV with ATLAS}", collaboration  = "ATLAS Collaboration", year           = "2012", eprint         = "1208.6256", archivePrefix  = "arXiv", primaryClass   = "hep-ex", reportNumber   = "CERN-PH-EP-2012-196", SLACcitation   = "%%CITATION = ARXIV:1208.6256;%%", }

% Acosta:2001rm
% (CDF_2002_S4796047)
@Article{Acosta:2001rm, author    = "Acosta, Darin E. and others", collaboration = "CDF", title     = "{Soft and hard interactions in $p\bar{p}$ collisions at $\sqrt{s} = $ 1800~GeV and 630~GeV}", journal   = "Phys. Rev.", volume    = "D65", year      = "2002", pages     = "072005", doi       = "10.1103/PhysRevD.65.072005", SLACcitation  = "%%CITATION = PHRVA,D65,072005;%%" }

% Buskulic:1995au
% (ALEPH_1996_S3196992)
@Article{Buskulic:1995au, author    = "Buskulic, D. and others", collaboration = "ALEPH", title     = "{First measurement of the quark to photon fragmentation function}", journal   = "Z. Phys.", volume    = "C69", year      = "1996", pages     = "365-378", doi       = "10.1007/s002880050037", SLACcitation  = "%%CITATION = ZEPYA,C69,365;%%" }

% Abulencia:2007ez
% (CDF_2007_S7057202)
@Article{Abulencia:2007ez, author    = "Abulencia, A. and others", collaboration = "CDF", title     = "{Measurement of the Inclusive Jet Cross Section using the {\boldmath $k_{\rm T}$} algorithmin{\boldmath $p\overline{p}$} Collisions at{\boldmath $\sqrt{s}$} = 1.96 TeV with the CDF II Detector}", journal   = "Phys. Rev.", volume    = "D75", year      = "2007", pages     = "092006", eprint    = "hep-ex/0701051", archivePrefix = "arXiv", doi       = "10.1103/PhysRevD.75.092006", SLACcitation  = "%%CITATION = HEP-EX/0701051;%%" }

% :2008ez
% (STAR_2008_S7869363)
@Article{:2008ez, author    = "Abelev, B. I. and others", collaboration = "STAR", title     = "{Systematic Measurements of Identified Particle Spectra in $p p, d^+$ Au and Au+Au Collisions from STAR}", journal   = "Phys. Rev.", volume    = "C79", year      = "2009", pages     = "034909", eprint    = "0808.2041", archivePrefix = "arXiv", primaryClass  =  "nucl-ex", doi       = "10.1103/PhysRevC.79.034909", SLACcitation  = "%%CITATION = 0808.2041;%%" }

% Chatrchyan:2012gwa
% (CMS_2012_I1087342)
@article{Chatrchyan:2012gwa, author         = "Chatrchyan, Serguei and others", title          = "{Measurement of the inclusive production cross sections for forward jets and for dijet events with one forward and one central jet in $pp$ collisions at $\sqrt{s} = 7$ TeV}", collaboration  = "CMS Collaboration", journal        = "JHEP", volume         = "1206", pages          = "036", doi            = "10.1007/JHEP06(2012)036", year           = "2012", eprint         = "1202.0704", archivePrefix  = "arXiv", primaryClass   = "hep-ex", reportNumber   = "CMS-FWD-11-002, CERN-PH-EP-2011-179", SLACcitation   = "%%CITATION = ARXIV:1202.0704;%%",}

% Abe:1988yu
% (CDF_1988_S1865951)
@Article{Abe:1988yu, author    = "Abe, F. and others", collaboration = "CDF", title     = "{Transverse momentum distributions of charged particles produced in  $\bar{p}p$ interactions at $\sqrt{s} = 630$ GeV and 1800 GeV}", journal   = "Phys. Rev. Lett.", volume    = "61", year      = "1988", pages     = "1819", doi       = "10.1103/PhysRevLett.61.1819", SLACcitation  = "%%CITATION = PRLTA,61,1819;%%" }

% Abreu:2000nt
% (DELPHI_2000_S4328825)
@Article{Abreu:2000nt, author    = "Abreu, P. and others", collaboration = "DELPHI", title     = "{Hadronization properties of b quarks compared to light quarks in $e^+ e^- \to q \bar{q}$ from 183\;GeV to 200\;GeV}", journal   = "Phys. Lett.", volume    = "B479", year      = "2000", pages     = "118-128", eprint    = "hep-ex/0103022", archivePrefix = "arXiv", doi       = "10.1016/S0370-2693(00)00312-9", SLACcitation  = "%%CITATION = HEP-EX/0103022;%%" }

% :2007nt
% (D0_2008_S7554427)
@Article{:2007nt, author    = "Abazov, V. M. and others", collaboration = "D0", title     = "{Measurement of the shape of the boson transverse  momentum distribution in $p \bar{p} \to Z / \gamma^{*} \to e^+ e^- + X$ events produced at $\sqrt{s}$=1.96-TeV}", journal   = "Phys. Rev. Lett.", volume    = "100", year      = "2008", pages     = "102002", eprint    = "0712.0803", archivePrefix = "arXiv", primaryClass  =  "hep-ex", doi       = "10.1103/PhysRevLett.100.102002", SLACcitation  = "%%CITATION = 0712.0803;%%" }

% Aid:1995we
% (H1_1995_S3167097)
@Article{Aid:1995we, author    = "Aid, S. and others", collaboration = "H1", title     = "{Transverse energy and forward jet production in the low x regime at HERA}", journal   = "Phys. Lett.", volume    = "B356", year      = "1995", pages     = "118-128", eprint    = "hep-ex/9506012", archivePrefix = "arXiv", doi       = "10.1016/0370-2693(95)00804-T", SLACcitation  = "%%CITATION = HEP-EX/9506012;%%" }

% Affolder:2001xt
% (CDF_2001_S4751469)
@Article{Affolder:2001xt, author    = "Affolder, Anthony Allen and others", collaboration = "CDF", title     = "{Charged jet evolution and the underlying event in $p\bar{p}$ collisions at 1.8 TeV}", journal   = "Phys. Rev.", volume    = "D65", year      = "2002", pages     = "092002", doi       = "10.1103/PhysRevD.65.092002", SLACcitation  = "%%CITATION = PHRVA,D65,092002;%%" }

% Aad:2011qa
% (ATLAS_2011_S9225137)
@article{Aad:2011qa, author         = "Aad, Georges and others", title          = "{Search for new phenomena in final states with large jet multiplicities and missing transverse momentum using $\sqrt{s} = 7$ TeV $pp$ collisions with the ATLAS detector.}", collaboration  = "Atlas Collaboration", journal        = "JHEP", volume         = "1111", pages          = "099", doi            = "10.1007/JHEP11(2011)099", year           = "2011", eprint         = "1110.2299", archivePrefix  = "arXiv", primaryClass   = "hep-ex", reportNumber   = "CERN-PH-EP-2011-155", SLACcitation   = "%%CITATION = ARXIV:1110.2299;%%", }

% :2012fa
% (ATLAS_2012_I1091481)
@article{:2012fa, author         = "Aad, Georges and others", title          = "{Measurement of the azimuthal ordering of charged hadrons with the ATLAS detector}", collaboration  = "ATLAS Collaboration", year           = "2012", eprint         = "1203.0419", archivePrefix  = "arXiv", primaryClass   = "hep-ex", reportNumber   = "CERN-PH-EP-2011-197", SLACcitation   = "%%CITATION = ARXIV:1203.0419;%%", }

% Heister:2001kp
% (ALEPH_2002_S4823664)
@article{Heister:2001kp, author         = "Heister, A. and others", title          = "{Inclusive production of the omega and eta mesons in Z decays, and the muonic branching ratio of the omega}", collaboration  = "ALEPH Collaboration", journal        = "Phys.Lett.", volume         = "B528", pages          = "19-33", doi            = "10.1016/S0370-2693(02)01220-0", year           = "2002", eprint         = "hep-ex/0201012", archivePrefix  = "arXiv", primaryClass   = "hep-ex", reportNumber   = "CERN-EP-2001-090", SLACcitation   = "%%CITATION = HEP-EX/0201012;%%", }

% Abazov:2004hm
% (D0_2004_S5992206)
@Article{Abazov:2004hm, author    = "Abazov, V. M. and others", collaboration = "D0", title     = "{Measurement of dijet azimuthal decorrelations at central rapidities in $p\bar{p}$ collisions at $\sqrt{s} = 1.96$ TeV}", journal   = "Phys. Rev. Lett.", volume    = "94", year      = "2005", pages     = "221801", eprint    = "hep-ex/0409040", archivePrefix = "arXiv", doi       = "10.1103/PhysRevLett.94.221801", SLACcitation  = "%%CITATION = HEP-EX/0409040;%%" }

% Abachi:1995zv
% (D0_1996_S3214044)
@Article{Abachi:1995zv, author    = "Abachi, S. and others", collaboration = "D0", title     = "{Studies of Topological Distributions of the Three- and Four-Jet Events in $\bar{p}p$ Collisions at $\sqrt{s}=1800$ GeV with the D\O\\ Detector}", journal   = "Phys. Rev.", volume    = "D53", year      = "1996", pages     = "6000-6016", eprint    = "hep-ex/9509005", archivePrefix = "arXiv", doi       = "10.1103/PhysRevD.53.6000", SLACcitation  = "%%CITATION = HEP-EX/9509005;%%" }

% Nattrass:2008tw
% (STAR_2008_S7993412)
@Article{Nattrass:2008tw, author    = "Nattrass, Christine", title     = "{Energy and system dependence of high-$p_T$ triggered two- particle near-side correlations}", journal   = "Eur. Phys. J.", volume    = "C62", year      = "2009", pages     = "265-269", eprint    = "0809.5261", archivePrefix = "arXiv", primaryClass  =  "nucl-ex", doi       = "10.1140/epjc/s10052-009-1037-8", SLACcitation  = "%%CITATION = 0809.5261;%%" }

% Aad:2011ib
% (ATLAS_2011_S9212183)
@article{Aad:2011ib, author         = "Aad, Georges and others", title          = "{Search for squarks and gluinos using final states with jets and missing transverse momentum with the ATLAS detector in $\sqrt{s}$ = 7 TeV proton-proton collisions}", collaboration  = "ATLAS", year           = "2011", eprint         = "1109.6572", archivePrefix  = "arXiv", primaryClass   = "hep-ex", }

% Adriani:2012ap
% (LHCF_2012_I1115479)
@Article{Adriani:2012ap, author         = "Adriani, O. and others", title          = "{Measurement of forward neutral pion transverse momentum spectra for $\sqrt{s} = 7$ TeV proton-proton collisions at LHC}", collaboration  = "LHCf Collaboration", journal        = "Phys.Rev.", volume         = "D86", pages          = "092001", doi            = "10.1103/PhysRevD.86.092001", year           = "2012", eprint         = "1205.4578", archivePrefix  = "arXiv", primaryClass   = "hep-ex", SLACcitation   = "%%CITATION = ARXIV:1205.4578;%%",}

% Aad:2011qv
% (ATLAS_2011_I945498)
@article{Aad:2011qv, key            = "945498", title          = "{Measurement of the production cross section for $Z/\gamma^*$ in association with jets in $pp$ collisions at $\sqrt{s} = 7$ TeV with the ATLAS detector}", collaboration  = "ATLAS Collaboration", year           = "2011", eprint         = "1111.2690", archivePrefix  = "arXiv", primaryClass   = "hep-ex", reportNumber   = "CERN-PH-EP-2011-162", SLACcitation   = "%%CITATION = ARXIV:1111.2690;%%", }

% Chatrchyan:2012tb
% (CMS_2012_I1107658)
@article{Chatrchyan:2012tb, author         = "Chatrchyan, Serguei and others", title          = "{Measurement of the underlying event in the Drell-Yan process in proton-proton collisions at $\sqrt{s} = 7$ TeV}", collaboration  = "CMS Collaboration", year           = "2012", eprint         = "1204.1411", archivePrefix  = "arXiv", primaryClass   = "hep-ex", reportNumber   = "CMS-QCD-11-012, CERN-PH-EP-2012-085", SLACcitation   = "%%CITATION = ARXIV:1204.1411;%%",}

% Albrecht:1992nu
% (ARGUS_1993_S2669951)
@article{Albrecht:1992nu, author         = "Albrecht, H. and others", title          = "{Inclusive production of eta-prime (958) and f0 (975) mesons in the upsilon energy region}", collaboration  = "ARGUS Collaboration", journal        = "Z.Phys.", volume         = "C58", pages          = "199-206", doi            = "10.1007/BF01560338", year           = "1993", reportNumber   = "DESY-92-174", SLACcitation   = "%%CITATION = ZEPYA,C58,199;%%", } 

% Ansorge:1988fg
% (UA5_1988_S1867512)
@Article{Ansorge:1988fg, author    = "Ansorge, R. E. and others", collaboration = "UA5", title     = "{CHARGED PARTICLE CORRELATIONS IN ANTI-P P COLLISIONS AT C.M. ENERGIES OF 200-GEV, 546-GEV AND 900-GEV}", journal   = "Z. Phys.", volume    = "C37", year      = "1988", pages     = "191-213", doi       = "10.1007/BF01579906", SLACcitation  = "%%CITATION = ZEPYA,C37,191;%%" }

% Chatrchyan:2011id
% (CMS_2011_S9120041)
@article{Chatrchyan:2011id, author         = "Chatrchyan, Serguei and others", title          = "{Measurement of the Underlying Event Activity at the LHC with $\sqrt{s} = 7$\;TeV and comparison with $\sqrt{s} = 0.9$\;TeV}", collaboration  = "CMS Collaboration", year           = "2011", eprint         = "1107.0330", archivePrefix  = "arXiv", primaryClass   = "hep-ex",}

% Abe:2003iy
% (SLD_2004_S5693039)
@Article{Abe:2003iy, author    = "Abe, Koya and others", collaboration = "SLD", title     = "{Production of $\pi^+$, $\pi^-$, $K^+$, $K^-$, $p$ and $\bar p$ in light $(uds)$, $c$ and $b$ jets from $Z^0$ decays}", journal   = "Phys. Rev.", volume    = "D69", year      = "2004", pages     = "072003", eprint    = "hep-ex/0310017", archivePrefix = "arXiv", doi       = "10.1103/PhysRevD.69.072003", SLACcitation  = "%%CITATION = HEP-EX/0310017;%%" }

% Abazov:2011ub
% (D0_2011_I895662)
@article{Abazov:2011ub, author         = "Abazov, Victor Mukhamedovich and others", title          = "{Measurement of three-jet differential cross sections $d\sigma_{\text{3jet}} / dM_{\text{3jet}}$ in $p\bar{p}$ collisions at $\sqrt{s}=1.96$ TeV}", collaboration  = "D0 Collaboration", journal        = "Phys.Lett.", volume         = "B704", pages          = "434-441", year           = "2011", eprint         = "1104.1986", archivePrefix  = "arXiv", primaryClass   = "hep-ex", reportNumber   = "FERMILAB-PUB-11-173-E", SLACcitation   = "%%CITATION = ARXIV:1104.1986;%%", }

% Abbiendi:2002vn
% (OPAL_2002_S5361494)
@article{Abbiendi:2002vn, author         = "Abbiendi, G. and others", title          = "{Charged particle multiplicities in heavy and light quark initiated events above the Z0 peak}", collaboration  = "OPAL Collaboration", journal        = "Phys.Lett.", volume         = "B550", pages          = "33-46", doi            = "10.1016/S0370-2693(02)02935-0", year           = "2002", note           = "18 pages, 5 figures Report-no: CERN-EP-2002-0079", eprint         = "hep-ex/0211007", archivePrefix  = "arXiv", primaryClass   = "hep-ex", reportNumber   = "CERN-EP-2002-079", SLACcitation   = "%%CITATION = HEP-EX/0211007;%%", }

% Ackerstaff:1998hz
% (OPAL_1998_S3780481)
@Article{Ackerstaff:1998hz, author    = "Ackerstaff, K. and others", collaboration = "OPAL", title     = "{Measurements of flavour dependent fragmentation functions in  Z0 --> q anti-q events}", journal   = "Eur. Phys. J.", volume    = "C7", year      = "1999", pages     = "369-381", eprint    = "hep-ex/9807004", archivePrefix = "arXiv", doi       = "10.1007/s100529901067", SLACcitation  = "%%CITATION = HEP-EX/9807004;%%" }

% Abe:1994nj
% (CDF_1994_S2952106)
@Article{Abe:1994nj, author    = "Abe, F. and others", collaboration = "CDF", title     = "{Evidence for color coherence in $p\bar{p}$ collisions at $\sqrt{s} = 1.8$ TeV}", journal   = "Phys. Rev.", volume    = "D50", year      = "1994", pages     = "5562-5579", doi       = "10.1103/PhysRevD.50.5562", SLACcitation  = "%%CITATION = PHRVA,D50,5562;%%" }

% Abe:1995rw
% (CDF_1996_S3108457)
@Article{Abe:1995rw, author    = "Abe, F. and others", collaboration = "CDF", title     = "{Properties of high mass multi - jet events at the Fermilab $p\bar{p}$ collider}", journal   = "Phys. Rev. Lett.", volume    = "75", year      = "1995", pages     = "608-612", doi       = "10.1103/PhysRevLett.75.608", SLACcitation  = "%%CITATION = PRLTA,75,608;%%" }

% Abe:1996mj
% (CDF_1996_S3418421)
@Article{Abe:1996mj, author    = "Abe, F. and others", collaboration = "CDF", title     = "{Measurement of dijet angular distributions at CDF}", journal   = "Phys. Rev. Lett.", volume    = "77", year      = "1996", pages     = "5336-5341", eprint    = "hep-ex/9609011", archivePrefix = "arXiv", doi       = "10.1103/PhysRevLett.77.5336", SLACcitation  = "%%CITATION = HEP-EX/9609011;%%" }

% Abbiendi:2000cv
% (OPAL_2000_S4418603)
@article{Abbiendi:2000cv, author         = "Abbiendi, G. and others", title          = "{Multiplicities of pi0, eta, K0 and of charged particles in quark and gluon jets}", collaboration  = "OPAL Collaboration", journal        = "Eur.Phys.J.", volume         = "C17", pages          = "373-387", doi            = "10.1007/s100520000505", year           = "2000", eprint         = "hep-ex/0007017", archivePrefix  = "arXiv", primaryClass   = "hep-ex", reportNumber   = "CERN-EP-2000-070", SLACcitation   = "%%CITATION = HEP-EX/0007017;%%", }

% Affolder:2001fa
% (CDF_2001_S4563131)
@Article{Affolder:2001fa, author    = "Affolder, Anthony Allen and others", collaboration = "CDF", title     = "{Measurement of the inclusive jet cross section in $\bar{p}p$ collisions at $\sqrt{s} = 1.8$ TeV}", journal   = "Phys. Rev.", volume    = "D64", year      = "2001", pages     = "032001", eprint    = "hep-ph/0102074", archivePrefix = "arXiv", doi       = "10.1103/PhysRevD.64.032001", SLACcitation  = "%%CITATION = HEP-PH/0102074;%%" }

% Breakstone:1983ns
% (SFM_1984_S1178091)
@Article{Breakstone:1983ns, author    = "Breakstone, A. and others", collaboration = "Ames-Bologna-CERN-Dortmund-Heidelberg-Warsaw", title     = "{Charged multiplicity distribution in $pp$ interactions at ISR energies}", journal   = "Phys. Rev.", volume    = "D30", year      = "1984", pages     = "528", doi       = "10.1103/PhysRevD.30.528", SLACcitation  = "%%CITATION = PHRVA,D30,528;%%" }

% Ackerstaff:1998ue
% (OPAL_1998_S3702294)
@Article{Ackerstaff:1998ue, author    = "Ackerstaff, K. and others", collaboration = "OPAL", title     = "{Production of f0(980), f2(1270) and Phi(1020) in hadronic Z0 decay}", journal   = "Eur. Phys. J.", volume    = "C4", year      = "1998", pages     = "19-28", eprint    = "hep-ex/9802013", archivePrefix = "arXiv", doi       = "10.1007/s100520050183", SLACcitation  = "%%CITATION = HEP-EX/9802013;%%" }

% Aaltonen:2007ip
% (CDF_2008_S7541902)
@Article{Aaltonen:2007ip, author    = "Aaltonen, T. and others", collaboration = "CDF", title     = "{Measurement of the cross section for $W^-$ boson production in association with jets in ppbar collisions at $\sqrt{s}$ = 1.96-TeV}", journal   = "Phys. Rev.", volume    = "D77", year      = "2008", pages     = "011108", eprint    = "0711.4044", archivePrefix = "arXiv", primaryClass  =  "hep-ex", doi       = "10.1103/PhysRevD.77.011108", SLACcitation  = "%%CITATION = 0711.4044;%%" }

% Decamp:1991uz
% (ALEPH_1991_S2435284)
@Article{Decamp:1991uz, author    = "Decamp, D. and others", collaboration = "ALEPH", title     = "{Measurement of the charged particle multiplicity distribution in hadronic Z decays}", journal   = "Phys. Lett.", volume    = "B273", year      = "1991", pages     = "181-192", doi       = "10.1016/0370-2693(91)90575-B", SLACcitation  = "%%CITATION = PHLTA,B273,181;%%" }

% Aaltonen:2009ne
% (CDF_2009_S8233977)
@Article{Aaltonen:2009ne, author    = "Aaltonen, T. and others", collaboration = "CDF", title     = "{Measurement of Particle Production and Inclusive Differential Cross Sections in $p\bar{p}$ Collisions at $\sqrt{s}=1.96$ TeV}", journal   = "Phys. Rev.", volume    = "D79", year      = "2009", pages     = "112005", eprint    = "0904.1098", archivePrefix = "arXiv", primaryClass  =  "hep-ex", doi       = "10.1103/PhysRevD.79.112005", SLACcitation  = "%%CITATION = 0904.1098;%%" }

% Chatrchyan:2013xxa
% (CMS_2013_I1272853)
@article{Chatrchyan:2013xxa, author         = "Chatrchyan, Serguei and others", title          = "{Study of double parton scattering using $W + 2$-jet events in proton-proton collisions at $\sqrt{s} = 7$~TeV}", collaboration  = " CMS Collaboration", year           = "2013", eprint         = "1312.5729", archivePrefix  = "arXiv", primaryClass   = "hep-ex", reportNumber   = "CMS-FSQ-12-028, CERN-PH-EP-2013-224", SLACcitation   = "%%CITATION = ARXIV:1312.5729;%%", }

% Albajar:1989an
% (UA1_1990_S2044935)
@Article{Albajar:1989an, author    = "Albajar, C. and others", collaboration = "UA1", title     = "{A Study of the General Characteristics of $p\bar{p}$ Collisions at $\sqrt{s}$ = 0.2 TeV to 0.9 TeV}", journal   = "Nucl. Phys.", volume    = "B335", year      = "1990", pages     = "261", doi       = "10.1016/0550-3213(90)90493-W", SLACcitation  = "%%CITATION = NUPHA,B335,261;%%" }

% Khachatryan:2010xs
% (CMS_2010_S8547297)
@Article{Khachatryan:2010xs, author    ="Khachatryan, Vardan and others", collaboration ="CMS", title     ="{Transverse momentum and pseudorapidity distributions of charged hadrons in $pp$ collisions at $\sqrt{s} = 0.9$ and 2.36 TeV}", journal   ="JHEP", volume    ="02", year      ="2010", pages     ="041", eprint    ="1002.0621", archivePrefix ="arXiv", primaryClass  ="hep-ex", doi       ="10.1007/JHEP02(2010)041", SLACcitation  ="%%CITATION = 1002.0621;%%"}

% Abe:2001hj
% (BELLE_2001_S4598261)
@article{Abe:2001hj, author         = "Abe, K. and others", title          = "{Measurement of inclusive production of neutral pions from Upsilon(4S) decays}", collaboration  = "Belle Collaboration", journal        = "Phys.Rev.", volume         = "D64", pages          = "072001", doi            = "10.1103/PhysRevD.64.072001", year           = "2001", eprint         = "hep-ex/0103041", archivePrefix  = "arXiv", primaryClass   = "hep-ex", reportNumber   = "KEK-PREPRINT-2001-2, BELLE-PREPRINT-2001-3", SLACcitation   = "%%CITATION = HEP-EX/0103041;%%", }

% ATLAS2012:1095236
% (ATLAS_2012_I1095236)
@article{ATLAS2012:1095236, author         = "Aad, Georges and others", title          = "{Search for supersymmetry in $pp$ collisions at $\sqrt{s} = 7$ TeV in final states with missing transverse momentum and $b$-jets with the ATLAS detector}", collaboration  = "ATLAS Collaboration", year           = "2012", note           = "15 pages plus author list (28 pages total), 11 figures, 8 tables, submitted to Physical Review D", eprint         = "1203.6193", archivePrefix  = "arXiv", primaryClass   = "hep-ex", reportNumber   = "CERN-PH-EP-2012-052", SLACcitation   = "%%CITATION = ARXIV:1203.6193;%%", }

% Aad:2012xsa
% (ATLAS_2012_I1204447)
@article{Aad:2012xsa, author         = "Aad, Georges and others", title          = "{Search for new phenomena in events with three charged leptons at $\sqrt{s}$ = 7 TeV with the ATLAS detector}", collaboration  = "ATLAS Collaboration", journal        = "Phys.Rev.", number         = "5", volume         = "D87", pages          = "052002", doi            = "10.1103/PhysRevD.87.052002", year           = "2013", eprint         = "1211.6312", archivePrefix  = "arXiv", primaryClass   = "hep-ex", reportNumber   = "CERN-PH-EP-2012-310", SLACcitation   = "%%CITATION = ARXIV:1211.6312;%%", }

% Abe:1993cv
% (CDF_1993_S2742446)
@Article{Abe:1993cv, author    = "Abe, F. and others", collaboration = "CDF", title     = "{The Center-of-mass angular distribution of prompt photons produced in $p\bar{p}$ collisions at $\sqrt{s} = 1.8$ TeV}", journal   = "Phys. Rev. Lett.", volume    = "71", year      = "1993", pages     = "679-683", doi       = "10.1103/PhysRevLett.71.679", SLACcitation  = "%%CITATION = PRLTA,71,679;%%" }

% Aad:2011cx
% (ATLAS_2011_I954993)
@article{Aad:2011cx, author         = "Aad, Georges and others", title          = "{Measurement of the WZ production cross section and limits on anomalous triple gauge couplings in proton-proton collisions at $\sqrt{s} = 7$ TeV with the ATLAS detector}", collaboration  = "ATLAS Collaboration", journal        = "Phys.Lett.", volume         = "B709", pages          = "341-357", doi            = "10.1016/j.physletb.2012.02.053", year           = "2012", eprint         = "1111.5570", archivePrefix  = "arXiv", primaryClass   = "hep-ex", reportNumber   = "CERN-PH-EP-2011-184", SLACcitation   = "%%CITATION = ARXIV:1111.5570;%%", }

% :2009mh
% (D0_2009_S8320160)
@Article{:2009mh, author    = "Abazov, V. M. and others", collaboration = "D0", title     = "{Measurement of dijet angular distributions at sqrt{s}=1.96TeV and searches for quark compositeness and extra spatial dimensions}", journal   = "Phys. Rev. Lett.", volume    = "103", year      = "2009", pages     = "191803", eprint    = "0906.4819", archivePrefix = "arXiv", primaryClass  =  "hep-ex", doi       = "10.1103/PhysRevLett.103.191803", SLACcitation  = "%%CITATION = 0906.4819;%%" }

% Abe:1996zi
% (SLD_1996_S3398250)
@Article{Abe:1996zi, author    = "Abe, K. and others", collaboration = "SLD", title     = "{Measurement of the charged multiplicities in b, c and light quark  events from Z0 decays}", journal   = "Phys. Lett.", volume    = "B386", year      = "1996", pages     = "475-485", eprint    = "hep-ex/9608008", archivePrefix = "arXiv", doi       = "10.1016/0370-2693(96)01025-8", SLACcitation  = "%%CITATION = HEP-EX/9608008;%%" }

% Aad:2011td
% (ATLAS_2012_I1082009)
@Article{Aad:2011td, author         = "Aad, Georges and others", title          = "{Measurement of $D^{*\pm}$ meson production in jets from pp collisions at $\sqrt{s}=7$ TeV with the ATLAS detector}", collaboration  = "ATLAS Collaboration", journal        = "Phys.Rev.", volume         = "D85", pages          = "052005", year           = "2012", note           = "Long author list - awaiting processing", eprint         = "1112.4432", archivePrefix  = "arXiv", primaryClass   = "hep-ex", reportNumber   = "CERN-PH-EP-2011-180", SLACcitation   = "%%CITATION = ARXIV:1112.4432;%%", }

% Abe:1989td
% (CDF_1990_S2089246)
@Article{Abe:1989td, author    = "Abe, F. and others", collaboration = "CDF", title     = "{Pseudorapidity distributions of charged particles produced in $\bar{p}p$ interactions at $\sqrt{s} = 630$ GeV and 1800 GeV}", journal   = "Phys. Rev.", volume    = "D41", year      = "1990", pages     = "2330", doi       = "10.1103/PhysRevD.41.2330", SLACcitation  = "%%CITATION = PHRVA,D41,2330;%%" }

% Aaij:2013mga
% (LHCB_2013_I1218996)
@article{Aaij:2013mga, author         = "Aaij, R and others", title          = "{Prompt charm production in $pp$ collisions at $\sqrt{s}=7$ TeV}", collaboration  = "LHCb collaboration", journal        = "Nucl.Phys.", volume         = "B871", pages          = "1-20", doi            = "10.1016/j.nuclphysb.2013.02.010", year           = "2013", eprint         = "1302.2864", archivePrefix  = "arXiv", primaryClass   = "hep-ex", reportNumber   = "LHCB-PAPER-2012-041, CERN-PH-EP-2013-009", SLACcitation   = "%%CITATION = ARXIV:1302.2864;%%", }

% Aad:2012meb
% (ATLAS_2012_I1119557)
@article{Aad:2012meb, author         = "Aad, Georges and others", title          = "{ATLAS measurements of the properties of jets for boosted particle searches}", collaboration  = "ATLAS Collaboration", journal        = "Phys.Rev.", volume         = "D86", pages          = "072006", doi            = "10.1103/PhysRevD.86.072006", year           = "2012", eprint         = "1206.5369", archivePrefix  = "arXiv", primaryClass   = "hep-ex", reportNumber   = "CERN-PH-EP-2012-149", SLACcitation   = "%%CITATION = ARXIV:1206.5369;%%", }

% Aubert:2007mh
% (BABAR_2007_S7266081)
@Article{Aubert:2007mh, author    = "Aubert, Bernard and others", collaboration = "BABAR", title     = "{Exclusive branching fraction measurements of semileptonic tau decays into three charged hadrons, $\tau^- \to \phi \pi^- \nu_\tau$ and $\tau^- \to \phi K^- \nu_\tau$}", journal   = "Phys. Rev. Lett.", volume    = "100", year      = "2008", pages     = "011801", eprint    = "0707.2981", archivePrefix = "arXiv", primaryClass  =  "hep-ex", doi       = "10.1103/PhysRevLett.100.011801", SLACcitation  = "%%CITATION = 0707.2981;%%" }

% Acton:1992jk
% (OPAL_1993_S2692198)
@Article{Acton:1992jk, author    = "Acton, P. D. and others", collaboration = "OPAL", title     = "{Studies of strong and electroweak interactions using final state photon emission in hadronic Z0 decays}", journal   = "Z. Phys.", volume    = "C58", year      = "1993", pages     = "405-418", doi       = "10.1007/BF01557697", SLACcitation  = "%%CITATION = ZEPYA,C58,405;%%" }

% Ackerstaff:1997kj
% (OPAL_1997_S3608263)
@Article{Ackerstaff:1997kj, author    = "Ackerstaff, K. and others", collaboration = "OPAL", title     = "{Spin alignment of leading K*(892)0 mesons in hadronic Z0 decays}", journal   = "Phys. Lett.", volume    = "B412", year      = "1997", pages     = "210-224", eprint    = "hep-ex/9708022", archivePrefix = "arXiv", doi       = "10.1016/S0370-2693(97)01077-0", SLACcitation  = "%%CITATION = HEP-EX/9708022;%%" }

% Aaij:2011uk
% (LHCB_2011_I919315)
@article{Aaij:2011uk, author         = "Aaij, R. and others", title          = "{Measurement of the inclusive $\phi$ cross-section in $pp$ collisions at $\sqrt{s} = 7$ TeV}", collaboration  = "LHCb Collaboration", journal        = "Phys.Lett.", volume         = "B703", pages          = "267-273", doi            = "10.1016/j.physletb.2011.08.017", year           = "2011", eprint         = "1107.3935", archivePrefix  = "arXiv", primaryClass   = "Unknown", }

% Aaij:1498718
% (LHCB_2013_I1208105)
@article{Aaij:1498718, author       = "Aaij, R and others", collaboration  = "LHCb Collaboration", title        = {Measurement of the forward energy flow in $pp$ collisions at $\sqrt{s}$= 7 TeV}, journal      = {The European Physical Journal C}, volume       = {73}, number       = {5}, pages        = {2421. 15 p}, year         = {2013}, issn         = {1434-6044}, doi          = {10.1140/epjc/s10052-013-2421-y}, eprint       = {1212.4755}, archivePrefix  = "arXiv", primaryClass   = "hep-ex", reportNumber   = "CERN-PH-EP-2012-346, LHCB-PAPER-2012-034", SLACcitation   = "%%CITATION = ARXIV:1212.4755;%%" }

% Aubert:2006cp
% (BABAR_2007_S6895344)
@article{Aubert:2006cp, author         = "Aubert, Bernard and others", title          = "{Inclusive $\Lambda_c^+$ Production in $e^+ e^-$ Annihilations at $\sqrt{s}=10.54$ GeV and in $\Upsilon(4S)$ Decays}", collaboration  = "BABAR Collaboration", journal        = "Phys.Rev.", volume         = "D75", pages          = "012003", doi            = "10.1103/PhysRevD.75.012003", year           = "2007", eprint         = "hep-ex/0609004", archivePrefix  = "arXiv", primaryClass   = "hep-ex", reportNumber   = "SLAC-PUB-12074, BABAR-PUB-06-054", SLACcitation   = "%%CITATION = HEP-EX/0609004;%%", }

% :2007cp
% (CDF_2008_S7540469)
@Article{:2007cp, author    = "Aaltonen, T. and others", collaboration = "CDF", title     = "{Measurement of inclusive jet cross-sections in $Z/\gamma^* \to e^+ e^-$ + jets production in $p \bar{p}$ collisions at $\sqrt{s}$ = 1.96\;TeV}", journal   = "Phys. Rev. Lett.", volume    = "100", year      = "2008", pages     = "102001", eprint    = "0711.3717", archivePrefix = "arXiv", primaryClass  =  "hep-ex", doi       = "", SLACcitation  = "%%CITATION = 0711.3717;%%" }

% Khachatryan:2011dx
% (CMS_2011_S8957746)
@Article{Khachatryan:2011dx, author    = "Khachatryan, Vardan and others", collaboration = "CMS", title     = "{First measurement of hadronic event shapes in $pp$ collisions at $\sqrt{s} = 7$ TeV}", journal   = "Phys. Lett.", volume    = "B699", year      = "2011", pages     = "48-67", eprint    = "1102.0068", archivePrefix = "arXiv", primaryClass  =  "hep-ex", doi       = "10.1016/j.physletb.2011.03.060", SLACcitation  = "%%CITATION = 1102.0068;%%" }

% Aamodt:2011zza
% (ALICE_2011_S8909580)
@article{Aamodt:2011zza, author         = "Aamodt, K. and others", title          = "{Strange particle production in proton--proton collisions at $\sqrt{s} = 0.9$ TeV with ALICE at the LHC}", collaboration  = "ALICE Collaboration", journal        = "Eur.Phys.J.", volume         = "C71", pages          = "1594", doi            = "10.1140/epjc/s10052-011-1594-5", year           = "2011", eprint         = "1012.3257", archivePrefix  = "arXiv", primaryClass   = "hep-ex", reportNumber   = "CERN-PH-EP-2010-065", SLACcitation   = "%%CITATION = ARXIV:1012.3257;%%", }

% Aad:2012cv
% (ATLAS_2012_I1093738)
@article{Aad:2012cv, author         = "Aad, Georges and others", title          = "{Measurement of the production cross section of an isolated photon associated with jets in proton-proton collisions at $\sqrt{s} = 7$ TeV with the ATLAS detector}", collaboration  = "ATLAS", year           = "2012", eprint         = "1203.3161", archivePrefix  = "arXiv", primaryClass   = "hep-ex", reportNumber   = "CERN-PH-EP-2012-009", SLACcitation   = "%%CITATION = ARXIV:1203.3161;%%", }

% Antchev:1472948
% (TOTEM_2012_002)
@techreport{Antchev:1472948, author        = "Antchev, G. and others", collaboration = "TOTEM", title         = "Measurement of proton-proton elastic scattering and total cross-section at $\sqrt{s} = 7$ TeV", institution   = "CERN", address       = "Geneva", number        = "CERN-PH-EP-2012-239. TOTEM-2012-002", month         = "Aug", year          = "2012"}

% Alpgard:1982zx
% (UA5_1982_S875503)
@Article{Alpgard:1982zx, author    = "Alpgard, K. and others", collaboration = "UA5", title     = "{Comparison of $p\bar{p}$ and $pp$ interactions at $\sqrt{s} = 53$ GeV}", journal   = "Phys. Lett.", volume    = "B112", year      = "1982", pages     = "183", doi       = "10.1016/0370-2693(82)90325-2", SLACcitation  = "%%CITATION = PHLTA,B112,183;%%" }

% Aaij:2010gn
% (LHCB_2010_I867355)
@article{Aaij:2010gn, author         = "Aaij, R. and others", title          = "{Measurement of $\sigma(pp \to b \bar{b} X)$ at $\sqrt{s} = 7\;\TeV}$ in the forward region}", collaboration  = "LHCb Collaboration", journal        = "Phys.Lett.", volume         = "B694", pages          = "209-216", doi            = "10.1016/j.physletb.2010.10.010", year           = "2010", eprint         = "1009.2731", archivePrefix  = "arXiv", primaryClass   = "hep-ex", reportNumber   = "CERN-PH-EP-2010-029", SLACcitation   = "%%CITATION = ARXIV:1009.2731;%%" }

% Aad:2011sp
% (ATLAS_2011_S9035664)
@article{Aad:2011sp, author         = "Aad, Georges and others", title          = "{Measurement of the differential cross-sections of inclusive, prompt and non-prompt $J/\psi$ production in proton-proton collisions at $\sqrt{s}=7$ TeV}", collaboration  = "ATLAS Collaboration", journal        = "Nucl.Phys.", volume         = "B850", pages          = "387-444", doi            = "10.1016/j.nuclphysb.2011.05.015", year           = "2011", eprint         = "1104.3038", archivePrefix  = "arXiv", primaryClass   = "hep-ex", SLACcitation   = "%%CITATION = ARXIV:1104.3038;%%", }

% Affolder:2000ew
% (CDF_2001_S4517016)
@Article{Affolder:2000ew, author    = "Affolder, Anthony Allen and others", collaboration = "CDF", title     = "{Measurement of the two-jet differential cross section in $p\bar{p}$ collisions at $\sqrt{s} = 1800$ GeV}", journal   = "Phys. Rev.", volume    = "D64", year      = "2001", pages     = "012001", eprint    = "hep-ex/0012013", archivePrefix = "arXiv", doi       = "10.1103/PhysRevD.64.012001", SLACcitation  = "%%CITATION = HEP-EX/0012013;%%" }

% Ackerstaff:1998ap
% (OPAL_1998_S3749908)
@Article{Ackerstaff:1998ap, author    = "Ackerstaff, K. and others", collaboration = "OPAL", title     = "{Photon and light meson production in hadronic Z0 decays}", journal   = "Eur. Phys. J.", volume    = "C5", year      = "1998", pages     = "411-437", eprint    = "hep-ex/9805011", archivePrefix = "arXiv", doi       = "10.1007/s100520050286", SLACcitation  = "%%CITATION = HEP-EX/9805011;%%" }

% Chatrchyan:2013rla
% (CMS_2013_I1224539_ZJET)
@article{Chatrchyan:2013rla, author         = "Chatrchyan, Serguei and others", title          = "{Studies of jet mass in dijet and $W/Z$+jet events}", collaboration  = "CMS Collaboration", year           = "2013", eprint         = "1303.4811", archivePrefix  = "arXiv", primaryClass   = "hep-ex", reportNumber   = "CMS-SMP-12-019, CERN-PH-EP-2013-016", SLACcitation   = "%%CITATION = ARXIV:1303.4811;%%", }

% :2011me
% (CMS_2011_S9086218)
@article{:2011me, author         = "Chatrchyan, Serguei and others", title          = "{Measurement of the inclusive jet cross section in $pp$ collisions at $\sqrt{s} = 7$ TeV}", collaboration  = "CMS Collaboration", journal        = "Phys. Rev. Lett.", volume         = "107", pages          = "132001", doi            = "10.1103/PhysRevLett.107.132001", year           = "2011", note           = "Long author list - awaiting processing", eprint         = "1106.0208", archivePrefix  = "arXiv", primaryClass   = "hep-ex", }

% Barate:1996fi
% (ALEPH_1996_S3486095)
@Article{Barate:1996fi, author    = "Barate, R. and others", collaboration = "ALEPH", title     = "{Studies of quantum chromodynamics with the ALEPH detector}", journal   = "Phys. Rept.", volume    = "294", year      = "1998", pages     = "1-165", doi       = "10.1016/S0370-1573(97)00045-8", SLACcitation  = "%%CITATION = PRPLC,294,1;%%" }

% Aaltonen:2008de
% (CDF_2008_S7782535)
@Article{Aaltonen:2008de, author    = "Aaltonen, T. and others", collaboration = "CDF", title     = "{Measurement of $b$-jet Shapes in Inclusive Jet Production in $p \bar{p}$ Collisions at $\sqrt{s}$ = 1.96-TeV}", journal   = "Phys. Rev.", volume    = "D78", year      = "2008", pages     = "072005", eprint    = "0806.1699", archivePrefix = "arXiv", primaryClass  =  "hep-ex", doi       = "10.1103/PhysRevD.78.072005", SLACcitation  = "%%CITATION = 0806.1699;%%" }

% Aad:2011fc
% (ATLAS_2012_I1082936)
@article{Aad:2011fc, author         = "Aad, Georges and others", title          = "{Measurement of inclusive jet and dijet production in $pp$ collisions at $\sqrt{s} = 7$ TeV using the ATLAS detector}", collaboration  = "ATLAS Collaboration", year           = "2011", eprint         = "1112.6297", archivePrefix  = "arXiv", primaryClass   = "hep-ex", reportNumber   = "CERN-PH-EP-2011-192", SLACcitation   = "%%CITATION = ARXIV:1112.6297;%%", }

% Aaltonen:2008dn
% (CDF_2008_S8093652)
@Article{Aaltonen:2008dn, author    = "Aaltonen, T. and others", collaboration = "CDF", title     = "{Search for new particles decaying into dijets in proton-antiproton collisions at $\sqrt{s} = 1.96$ TeV}", journal   = "Phys. Rev.", volume    = "D79", year      = "2009", pages     = "112002", eprint    = "0812.4036", archivePrefix = "arXiv", primaryClass  =  "hep-ex", doi       = "10.1103/PhysRevD.79.112002", SLACcitation  = "%%CITATION = 0812.4036;%%" }

% Albrecht:1992qf
% (ARGUS_1993_S2653028)
@article{Albrecht:1992qf, author         = "Albrecht, H. and others", title          = "{Inclusive production of charged pions, kaons and protons in upsilon (4S) decays}", collaboration  = "ARGUS Collaboration", journal        = "Z.Phys.", volume         = "C58", pages          = "191-198", doi            = "10.1007/BF01560337", year           = "1993", reportNumber   = "DESY-92-155", SLACcitation   = "%%CITATION = ZEPYA,C58,191;%%", }

% Aad:2013ysa
% (ATLAS_2013_I1230812_MU)
@article{Aad:2013ysa, author         = "Aad, Georges and others", title          = "{Measurement of the production cross section of jets in association with a Z boson in pp collisions at $\sqrt{s}$ = 7 TeV with the ATLAS detector}", collaboration  = "ATLAS Collaboration", journal        = "JHEP", volume         = "1307", pages          = "032", doi            = "10.1007/JHEP07(2013)032", year           = "2013", eprint         = "1304.7098", archivePrefix  = "arXiv", primaryClass   = "hep-ex", reportNumber   = "CERN-PH-EP-2013-023", SLACcitation   = "%%CITATION = ARXIV:1304.7098;%%", }

% Abazov:2009pp
% (D0_2009_S8349509)
@Article{Abazov:2009pp, author    = "Abazov, Victor Mukhamedovich and others", collaboration = "D0", title     = "{Measurement of $Z / \gamma^\ast +jet+X$ angular distributions in $p \bar{p}$ collisions at $\sqrt{s}=1.96$ TeV}", journal   = "Phys. Lett.", volume    = "B682", year      = "2010", pages     = "370-380", eprint    = "0907.4286", archivePrefix = "arXiv", primaryClass  =  "hep-ex", doi       = "10.1016/j.physletb.2009.11.012", SLACcitation  = "%%CITATION = 0907.4286;%%" }

% :2012sja
% (ALICE_2012_I1181770)
@article{:2012sja, author         = "Abelev, Betty and others", title          = "{Measurement of inelastic, single- and double-diffraction cross sections in proton--proton collisions at the LHC with ALICE}", collaboration  = "ALICE Collaboration", journal        = "Eur. Phys. J. C", year           = "2012", eprint         = "1208.4968", archivePrefix  = "arXiv", primaryClass   = "hep-ex", reportNumber   = "CERN-PH-EP-2012-138", SLACcitation   = "%%CITATION = ARXIV:1208.4968;%%", }

% Aad:2011fp
% (ATLAS_2011_I925932)
@article{Aad:2011fp, author         = "Aad, Georges and others", title          = "Measurement of the transverse momentum distribution of $W$ bosons in $pp$ Collisions at $\sqrt{s} = 7$~TeV with the {ATLAS Detector}", collaboration  = "The ATLAS", year           = "2011", eprint         = "1108.6308", archivePrefix  = "arXiv", primaryClass   = "hep-ex", }

% Khachatryan:2010us
% (CMS_2010_S8656010)
@Article{Khachatryan:2010us, author    = "Khachatryan, Vardan and others", collaboration = "CMS", title     = "{Transverse-momentum and pseudorapidity distributions of charged hadrons in $pp$ collisions at $\sqrt{s} = 7$ TeV}", journal   = "Phys. Rev. Lett.", volume    = "105", year      = "2010", pages     = "022002", eprint    = "1005.3299", archivePrefix = "arXiv", primaryClass  =  "hep-ex", doi       = "10.1103/PhysRevLett.105.022002", SLACcitation  = "%%CITATION = 1005.3299;%%"}

% Khachatryan:2011wq
% (CMS_2011_S8973270)
@Article{Khachatryan:2011wq, author    = "Khachatryan, Vardan and others", collaboration = "CMS", title     = "{Measurement of $B \bar{B}$ angular correlations based on secondary vertex reconstruction at $\sqrt{s} = 7$~TeV}", journal   = "JHEP", volume    = "03", year      = "2011", pages     = "136", eprint    = "1102.3194", archivePrefix = "arXiv", primaryClass  =  "hep-ex", doi       = "10.1007/JHEP03(2011)136", SLACcitation  = "%%CITATION = 1102.3194;%%" }

% Abazov:2008ez
% (D0_2008_S7863608)
@Article{Abazov:2008ez, author    = "Abazov, V. M. and others", collaboration = "D0", title     = "{Measurement of differential $Z / \gamma^{*}$ + jet + $X$ cross sections in $p \bar{p}$ collisions at $\sqrt{s}$ = 1.96-TeV}", journal   = "Phys. Lett.", volume    = "B669", year      = "2008", pages     = "278-286", eprint    = "0808.1296", archivePrefix = "arXiv", primaryClass  =  "hep-ex", doi       = "10.1016/j.physletb.2008.09.060", SLACcitation  = "%%CITATION = 0808.1296;%%" }

% ATLAS:2011ad
% (ATLAS_2011_S9212353)
@Article{ATLAS:2011ad, author    = "Aad, Georges and others", collaboration = "ATLAS", title     = "{Search for supersymmetry in final states with jets, missing transverse momentum and one isolated lepton in sqrt{s} = 7 TeV pp collisions using 1 fb-1 of ATLAS data}", journal   = "Phys. Rev.", volume    = "D85", year      = "2012", pages     = "012006", eprint    = "1109.6606", archivePrefix = "arXiv", primaryClass  =  "hep-ex", SLACcitation  = "%%CITATION = 1109.6606;%%" }

% ATLAS:2011ac
% (ATLAS_2011_I930220)
@article{ATLAS:2011ac, author         = "Aad, Georges and others", title          = "{Measurement of the inclusive and dijet cross-sections of $b$-jets in $pp$ collisions at $\sqrt{s}=7$ TeV with the ATLAS detector}", collaboration  = "ATLAS Collaboration", journal        = "Eur.Phys.J.", volume         = "C71", pages          = "1846", doi            = "10.1140/epjc/s10052-011-1846-4", year           = "2011", eprint         = "1109.6833", archivePrefix  = "arXiv", primaryClass   = "hep-ex", reportNumber   = "CERN-PH-EP-2011-146", SLACcitation   = "%%CITATION = ARXIV:1109.6833;%%", }

% Aaij:2011va
% (LHCB_2011_I917009)
@article{Aaij:2011va, author         = "Aaij, R. and others", title          = "{Measurement of $V^0$ production ratios in $pp$ collisions at $\sqrt{s} = 0.9$ and 7\,TeV}", collaboration  = "LHCb Collaboration", journal        = "JHEP", volume         = "1108", pages          = "034", doi            = "10.1007/JHEP08(2011)034", year           = "2011", eprint         = "1107.0882", archivePrefix  = "arXiv", primaryClass   = "hep-ex", }

% Aad:2010rd
% (ATLAS_2010_S8591806)
@Article{Aad:2010rd, author    = "Aad, G. and others", collaboration = "ATLAS", title     = "{Charged-particle multiplicities in $pp$ interactions at $\sqrt{s} = 900$ GeV measured with the ATLAS detector at the LHC}", year      = "2010", eprint    = "1003.3124", archivePrefix = "arXiv", primaryClass  =  "hep-ex", doi       = "10.1016/j.physletb.2010.03.064", SLACcitation  = "%%CITATION = 1003.3124;%%" }

% Abreu:1995qx
% (DELPHI_1995_S3137023)
@Article{Abreu:1995qx, author    = "Abreu, P. and others", collaboration = "DELPHI", title     = "{Strange baryon production in Z hadronic decays}", journal   = "Z. Phys.", volume    = "C67", year      = "1995", pages     = "543-554", doi       = "10.1007/BF01553980", SLACcitation  = "%%CITATION = ZEPYA,C67,543;%%" }

% Chatrchyan:2012pb
% (CMS_2012_I1102908)
@article{Chatrchyan:2012pb, author         = "Chatrchyan, Serguei and others", title          = "{Ratios of dijet production cross sections as a function of the absolute difference in rapidity between jets in proton--proton collisions at $\sqrt{s} = 7$ TeV}", collaboration  = "CMS Collaboration", year           = "2012", eprint         = "1204.0696", archivePrefix  = "arXiv", primaryClass   = "hep-ex", reportNumber   = "CMS-FWD-10-014, CERN-PH-EP-2012-088", SLACcitation   = "%%CITATION = ARXIV:1204.0696;%%",}

% Aad:2011ni
% (ATLAS_2011_S8971293)
@Article{Aad:2011ni, author    = "Collaboration, The ATLAS", title     = "{Measurement of dijet azimuthal decorrelations in $pp$ Collisions at $\sqrt{s} = 7$ TeV}", year      = "2011", eprint    = "1102.2696", archivePrefix = "arXiv", primaryClass  =  "hep-ex", SLACcitation  = "%%CITATION = 1102.2696;%%" }

% Aaltonen:2009ty
% (CDF_2009_S8436959)
@Article{Aaltonen:2009ty, author    = "Aaltonen, T. and others", collaboration = "CDF", title     = "{Measurement of the Inclusive Isolated Prompt Photon Cross Section in ppbar Collisions at sqrt{s} = 1.96 TeV using the CDF Detector}", journal   = "Phys. Rev.", volume    = "D80", year      = "2009", pages     = "111106", eprint    = "0910.3623", archivePrefix = "arXiv", primaryClass  =  "hep-ex", doi       = "10.1103/PhysRevD.80.111106", SLACcitation  = "%%CITATION = 0910.3623;%%" }

% Abbiendi:2001qn
% (OPAL_2001_S4553896)
@Article{Abbiendi:2001qn, author    = "Abbiendi, G. and others", collaboration = "OPAL", title     = "{A simultaneous measurement of the QCD colour factors and the strong  coupling}", journal   = "Eur. Phys. J.", volume    = "C20", year      = "2001", pages     = "601-615", eprint    = "hep-ex/0101044", archivePrefix = "arXiv", doi       = "10.1007/s100520100699", SLACcitation  = "%%CITATION = HEP-EX/0101044;%%" }

% CMS-PAS-QCD-11-010
% (CMS_2012_PAS_QCD_11_010)
@article{CMS-PAS-QCD-11-010, title = "Measurement of strange particle production in underlying event in proton--proton collisions at $\sqrt{s} = 7$\;TeV", year  = "2012", }

% Abreu:1996na
% (DELPHI_1996_S3430090)
@Article{Abreu:1996na, author    = "Abreu, P. and others", collaboration = "DELPHI", title     = "{Tuning and test of fragmentation models based on identified particles  and precision event shape data}", journal   = "Z. Phys.", volume    = "C73", year      = "1996", pages     = "11-60", doi       = "10.1007/s002880050295", SLACcitation  = "%%CITATION = ZEPYA,C73,11;%%" }

% Abulencia:2006ce
% (CDF_2006_S6653332)
@Article{Abulencia:2006ce, author    = "Abulencia, A. and others", collaboration = "CDF", title     = "{Measurement of the $b$ jet cross-section in events with a $Z$ boson in $p \bar{p}$ collisions at $\sqrt{s} = 1.96$ TeV}", journal   = "Phys. Rev.", volume    = "D74", year      = "2006", pages     = "032008", eprint    = "hep-ex/0605099", archivePrefix = "arXiv", doi       = "10.1103/PhysRevD.74.032008", SLACcitation  = "%%CITATION = HEP-EX/0605099;%%" }

% Chatrchyan:2013qza
% (CMS_2013_I1273574)
@article{Chatrchyan:2013qza, author         = "Chatrchyan, Serguei and others", title          = "{Measurement of four-jet production in proton-proton collisions at sqrt(s)=7 TeV}", collaboration  = " CMS Collaboration", year           = "2013", eprint         = "1312.6440", archivePrefix  = "arXiv", primaryClass   = "hep-ex", reportNumber   = "CMS-FSQ-12-013, CERN-PH-EP-2013-229", SLACcitation   = "%%CITATION = ARXIV:1312.6440;%%", }

% Acosta:2004sn
% (CDF_2005_S6080774)
@Article{Acosta:2004sn, author    = "Acosta, Darin E. and others", collaboration = "CDF", title     = "{Measurement of the cross section for prompt diphoton production in $p\bar{p}$ collisions at $\sqrt{s} = 1.96$ TeV}", journal   = "Phys. Rev. Lett.", volume    = "95", year      = "2005", pages     = "022003", eprint    = "hep-ex/0412050", archivePrefix = "arXiv", doi       = "10.1103/PhysRevLett.95.022003", SLACcitation  = "%%CITATION = HEP-EX/0412050;%%" }

% Abbott:2000xv
% (D0_2000_S4480767)
@Article{Abbott:2000xv, author    = "Abbott, B. and others", collaboration = "D0", title     = "{Differential cross section for $W$ boson production as a function of transverse momentum in $p\bar{p}$ collisions at $\sqrt{s} = 1.8$ TeV}", journal   = "Phys. Lett.", volume    = "B513", year      = "2001", pages     = "292-300", eprint    = "hep-ex/0010026", archivePrefix = "arXiv", doi       = "10.1016/S0370-2693(01)00628-1", SLACcitation  = "%%CITATION = HEP-EX/0010026;%%" }

% Aad:2011eu
% (ATLAS_2011_I894867)
@Article{Aad:2011eu, author         = "Aad, Georges and others", title          = "{Measurement of the inelastic proton--proton cross-section at $\sqrt{s}=7$ TeV with the ATLAS detector}", collaboration  = "ATLAS Collaboration", journal        = "Nature Commun.", volume         = "2", pages          = "463", doi            = "10.1038/ncomms1472", year           = "2011", eprint         = "1104.0326", archivePrefix  = "arXiv", primaryClass   = "hep-ex", reportNumber   = "CERN-PH-EP-2011-047", SLACcitation   = "%%CITATION = ARXIV:1104.0326;%%",}

% Khachatryan:2011tm
% (CMS_2011_S8978280)
@Article{Khachatryan:2011tm, author    = "Khachatryan, Vardan and others", collaboration = "CMS", title     = "{Strange particle production in $pp$ collisions at $\sqrt{s} = 0.9$ and 7 TeV}", journal   = "JHEP", volume    = "05", year      = "2011", pages     = "064", eprint    = "1102.4282", archivePrefix = "arXiv", primaryClass  =  "hep-ex", doi       = "10.1007/JHEP05(2011)064", SLACcitation  = "%%CITATION = 1102.4282;%%"}

% Amsler:2008zzb
% (PDG_HADRON_MULTIPLICITIES_RATIOS)
@Article{Amsler:2008zzb, author    = "Amsler, Claude and others", collaboration = "Particle Data Group", title     = "{Review of particle physics}", journal   = "Phys. Lett.", volume    = "B667", year      = "2008", pages     = "1", doi       = "10.1016/j.physletb.2008.07.018", SLACcitation  = "%%CITATION = PHLTA,B667,1;%%" }

% Khachatryan:2010nk
% (CMS_2011_S8884919)
@Article{Khachatryan:2010nk, author    = "Khachatryan, Vardan and others", collaboration = "CMS", title     = "{Charged particle multiplicities in $pp$ interactions at $\sqrt{s} = 0.9$, 2.36, and 7 TeV}", journal   = "JHEP", volume    = "01", year      = "2011", pages     = "079", eprint    = "1011.5531", archivePrefix = "arXiv", primaryClass  =  "hep-ex", doi       = "10.1007/JHEP01(2011)079", SLACcitation  = "%%CITATION = 1011.5531;%%" }

% Aad:2012en
% (ATLAS_2012_I1083318)
 @article{Aad:2012en, author         = "Aad, Georges and others", title          = "{Study of jets produced in association with a $W$ boson in $pp$ collisions at $\sqrt{s} = 7~$TeV with the ATLAS detector}", collaboration  = "ATLAS Collaboration", year           = "2012", eprint         = "1201.1276", archivePrefix  = "arXiv", primaryClass   = "hep-ex", reportNumber   = "CERN-PH-EP-2011-218", SLACcitation   = "%%CITATION = ARXIV:1201.1276;%%", }

% Collaboration:2010sp
% (ATLAS_2010_S8914702)
@Article{Collaboration:2010sp, author    = "Collaboration, The ATLAS", title     = "{Measurement of the inclusive isolated prompt photon cross section in $pp$ collisions at $\sqrt{s} = 7$ TeV with the ATLAS detector}", year      = "2010", eprint    = "1012.4389", archivePrefix = "arXiv", primaryClass  =  "hep-ex", SLACcitation  = "%%CITATION = 1012.4389;%%" }

% Alexander:1995gq
% (OPAL_1995_S3198391)
@Article{Alexander:1995gq, author    = "Alexander, G. and others", collaboration = "OPAL", title     = "{$\Delta^{++}$ production in hadronic $Z^0$ decays}", journal   = "Phys. Lett.", volume    = "B358", year      = "1995", pages     = "162-172", doi       = "10.1016/0370-2693(95)00935-E", SLACcitation  = "%%CITATION = PHLTA,B358,162;%%" }

% Adams:2006nd
% (STAR_2006_S6500200)
@Article{Adams:2006nd, author    = "Adams, John and others", collaboration = "STAR", title     = "{Identified hadron spectra at large transverse momentum in $p\,p$ and $d\,Au$ collisions at $\sqrt{s} = 200$ GeV}", journal   = "Phys. Lett.", volume    = "B637", year      = "2006", pages     = "161-169", eprint    = "nucl-ex/0601033", archivePrefix = "arXiv", doi       = "10.1016/j.physletb.2006.04.032", SLACcitation  = "%%CITATION = NUCL-EX/0601033;%%" }

% Abe:1998zs
% (SLD_1999_S3743934)
@Article{Abe:1998zs, author    = "Abe, K. and others", collaboration = "SLD", title     = "{Production of pi+, K+, K0, K*0, Phi, p and Lambda0 in hadronic Z0  decays}", journal   = "Phys. Rev.", volume    = "D59", year      = "1999", pages     = "052001", eprint    = "hep-ex/9805029", archivePrefix = "arXiv", doi       = "10.1103/PhysRevD.59.052001", SLACcitation  = "%%CITATION = HEP-EX/9805029;%%" }

% Aad:2012ma
% (ATLAS_2012_I1188891)
@article{Aad:2012ma, author         = "Aad, Georges and others", title          = "{Measurement of the flavour composition of dijet events in $pp$ collisions at $\sqrt{s}=7$ TeV with the ATLAS detector}", collaboration  = "ATLAS Collaboration", year           = "2012", eprint         = "1210.0441", archivePrefix  = "arXiv", primaryClass   = "hep-ex", SLACcitation   = "%%CITATION = ARXIV:1210.0441;%%", }

% Abazov:2010kn
% (D0_2010_S8671338)
@Article{Abazov:2010kn, author    = "Abazov, Victor Mukhamedovich and others", collaboration = "D0", title     = "{Measurement of the normalized $Z/\gamma^*\to \mu^+\mu^-$ transverse momentum distribution in $p\bar{p}$ collisions at $\sqrt{s}=1.96$ TeV}", year      = "2010", eprint    = "1006.0618", archivePrefix = "arXiv", primaryClass  =  "hep-ex", SLACcitation  = "%%CITATION = 1006.0618;%%" }

% Abazov:2008er
% (D0_2008_S7719523)
@Article{Abazov:2008er, author    = "Abazov, V. M. and others", collaboration = "D0", title     = "{Measurement of the differential cross-section for the production of an isolated photon with associated jet in $p \bar{p}$ collisions at $\sqrt{s} = 1.96$ TeV}", journal   = "Phys. Lett.", volume    = "B666", year      = "2008", pages     = "435-445", eprint    = "0804.1107", archivePrefix = "arXiv", primaryClass  =  "hep-ex", doi       = "10.1016/j.physletb.2008.06.076", SLACcitation  = "%%CITATION = 0804.1107;%%" }

% Abelev:2006uq
% (STAR_2006_S6870392)
@Article{Abelev:2006uq, author    = "Abelev, B. I. and others", collaboration = "STAR", title     = "{Longitudinal double-spin asymmetry and cross section for inclusive jet  production in polarized proton collisions at s**(1/2) = 200-GeV}", journal   = "Phys. Rev. Lett.", volume    = "97", year      = "2006", pages     = "252001", eprint    = "hep-ex/0608030", archivePrefix = "arXiv", doi       = "10.1103/PhysRevLett.97.252001", SLACcitation  = "%%CITATION = HEP-EX/0608030;%%" }

% Aubert:2005cu
% (BABAR_2005_S6181155)
@article{Aubert:2005cu, author         = "Aubert, Bernard and others", title          = "{Production and decay of $\Xi_c^0$ at BABAR}", collaboration  = "BABAR Collaboration", journal        = "Phys.Rev.Lett.", volume         = "95", pages          = "142003", doi            = "10.1103/PhysRevLett.95.142003", year           = "2005", eprint         = "hep-ex/0504014", archivePrefix  = "arXiv", primaryClass   = "hep-ex", reportNumber   = "SLAC-PUB-11100, BABAR-PUB-05-008", SLACcitation   = "%%CITATION = HEP-EX/0504014;%%", }

% Aaltonen:2008eq
% (CDF_2008_S7828950)
@Article{Aaltonen:2008eq, author    = "Aaltonen, T. and others", collaboration = "CDF", title     = "{Measurement of the Inclusive Jet Cross Section at the Fermilab Tevatron p-pbar Collider Using a Cone-Based Jet Algorithm}", journal   = "Phys. Rev.", volume    = "D78", year      = "2008", pages     = "052006", eprint    = "0807.2204", archivePrefix = "arXiv", primaryClass  =  "hep-ex", doi       = "10.1103/PhysRevD.78.052006", SLACcitation  = "%%CITATION = 0807.2204;%%" }
