

%13 HRS Collaboration, M. Derrick et al. , Phys. Lett. 146B, 261 (1984).
%14 TPC/Two-Gamma Collaboration, H. Aihara et al. , Phys.Rev. D 34, 1945 (1986).
%16 TASSO Collaboration, M. Althoff et al. , Phys. Lett. 126B, 493 (1983).
%19 JADE Collaboration, W. Bartel et al. , Phys. Lett. 161B, 197 (1985)


%%%%%%%%%http://journals.aps.org/prd/pdf/10.1103/PhysRevD.89.072002 interesting
%% http://arxiv.org/pdf/hep-ex/0009040.pdf  OMEGA_C

%TRISTAN ? AMY? TOPAZ? venus?

%http://www.epj-conferences.org/articles/epjconf/pdf/2015/09/epjconf_ismd2015_10002.pdf  -- pp

%CDF Note 10704
%A Study of Quark Fragmentation using Kaons Produced
%in Association with Prompt
%D
%±
%s
%/D
%±
%Mesons

%look at http://arxiv.org/pdf/hep-ex/0307080.pdf  --no l, but others are ok
% Phys. Rev. D 86, 072013    -- star, D*+ and D0 only, wrong range  

%Nuclear Physics A 931 (2014) 520–524  STAR, HAS D+ D*+ D0, but preliminary
%CDF public note 10704 (2012)  -- d+/Ds

%HERAB+E***?

%ALICE

%MENTION ALL EXPERIMENTS that we do not include!


%Left: MARK II, CELLO, L3, HRS, Crystal Ball


%Contains R_c=0.36+-0.05+0.05 at 58 gev

% Running alpha electromagnetic
R. Kleiss et al.: CERN yellow report 89-08, vol.3 p.129
%%%%%%%%%%%%%%%%%%%%%%%%%%%%%%%%%%%%%%%%%%%%%%%%%%%%%%%%%%%%%%%%%%%%%%%%
@article{Abreu:1993mn,
      author         = "P.~Abreu et al.",
      title          = {A Measurement of {$D$} meson production in {$Z^0$} hadronic
                        decays},
      collaboration  = "DELPHI Collaboration",
      journal        = "Z.Phys.",
      volume         = "C59",
      pages          = "533-546",
      doi            = "10.1007/BF01562545",
      year           = "1993",
      reportNumber   = "CERN-PPE-93-70",
      SLACcitation   = "%%CITATION = ZEPYA,C59,533;%%"
}

@article{Inoue:2000hc,
      author         = "Y.~Inoue et al.",
      title          = "Measurement of the cross-section and forward - backward
                        charge asymmetry for the $b$ and $c$ quark in $e^+ e^-$
                        annihilation with inclusive muons at $\sqrt{s}=58\GeV$",
      collaboration  = "TOPAZ",
      journal        = "Eur.Phys.J.",
      volume         = "C18",
      pages          = "273-282",
      doi            = "10.1007/s100520000541",
      year           = "2000",
      eprint         = "hep-ex/0012033",
      archivePrefix  = "arXiv",
      primaryClass   = "hep-ex",
      reportNumber   = "KEK-PREPRINT-2000-118, NWU-HEP-2000-01, DPNU-00-35,
                        TUAT-HEP-2000-5, OCU-HEP-2000-1",
      SLACcitation   = "%%CITATION = HEP-EX/0012033;%%",
}

@article{Giles:1983vq,
      author         = "R.~Giles et al.",
      title          = {THE TOTAL CROSS-SECTION FOR ELECTRON - POSITRON
                        ANNIHILATION INTO HADRON FINAL STATES IN THE {Upsilon}
                        ENERGY REGION},
      collaboration  = "CLEO Collaboration",
      journal        = "Phys.Rev.",
      volume         = "D29",
      pages          = "1285",
      doi            = "10.1103/PhysRevD.29.1285",
      year           = "1984",
      reportNumber   = "CLNS-83/586, CLEO-83-10",
      SLACcitation   = "%%CITATION = PHRVA,D29,1285;%%",
}

%%%%%%%%%%%%%%%%%%%%%%%%%%%%%%%%%%%%%%%%%%%%%%%%%%%%%%%%%%%%%%%%%%%%%%%%

@article{Albrecht:1990zk,
      author         = "H.~Albrecht et al.",
      title          = {Measurement of {$\Xi_c$} production in {$e^+e^-$} annihilation at
                        {$10.5\GeV$} center-of-mass energy},
      collaboration  = "ARGUS Collaboration",
      journal        = "Phys.Lett.",
      volume         = "B247",
      pages          = "121-126",
      doi            = "10.1016/0370-2693(90)91059-K",
      year           = "1990",
      reportNumber   = "DESY-90-063",
      SLACcitation   = "%%CITATION = PHLTA,B247,121;%%",
}


@article{Aubert:2005cu,
      author         = "B.~Aubert et al.",
      title          = {Production and decay of {$\Xi_c^0$} at {BABAR}},
      collaboration  = "BaBar Collaboration",
      journal        = "Phys.Rev.Lett.",
      volume         = "95",
      pages          = "142003",
      doi            = "10.1103/PhysRevLett.95.142003",
      year           = "2005",
      eprint         = "hep-ex/0504014",
      archivePrefix  = "arXiv",
      primaryClass   = "hep-ex",
      reportNumber   = "SLAC-PUB-11100, BABAR-PUB-05-008",
      SLACcitation   = "%%CITATION = HEP-EX/0504014;%%",
}

@article{Aubert:2007bt,
      author         = "B.~Aubert et al.",
      title          = {Production and decay of {$\Omega^0_c$}},
      collaboration  = "BaBar Collaboration",
      journal        = "Phys.Rev.Lett.",
      volume         = "99",
      pages          = "062001",
      doi            = "10.1103/PhysRevLett.99.062001",
      year           = "2007",
      eprint         = "hep-ex/0703030",
      archivePrefix  = "arXiv",
      primaryClass   = "HEP-EX",
      reportNumber   = "SLAC-PUB-12398, BABAR-PUB-07-010",
      SLACcitation   = "%%CITATION = HEP-EX/0703030;%%",
}


@article{Solovieva:2008fw,
      author         = "E.~Solovieva et al.",
      title          = {Study of {$\Omega_c^0$} and {$\Omega_c^{*0}$} Baryons at {Belle}},
      journal        = "Phys.Lett.",
      volume         = "B672",
      pages          = "1-5",
      doi            = "10.1016/j.physletb.2008.12.062",
      year           = "2009",
      eprint         = "0808.3677",
      archivePrefix  = "arXiv",
      primaryClass   = "hep-ex",
      reportNumber   = "BELLE-CONF-0851",
      SLACcitation   = "%%CITATION = ARXIV:0808.3677;%%",
}



@article{Althoff:1983uj,
      author         = "M.~Althoff et al.",
      title          = "{Observation of {$\Xi^-$}, Anti-{$\Xi^-$} Production in {$e^+ e^-$}
                        Annihilation}",
      collaboration  = "TASSO Collaboration",
      journal        = "Phys.Lett.",
      volume         = "B130",
      pages          = "340",
      doi            = "10.1016/0370-2693(83)91154-1",
      year           = "1983",
      reportNumber   = "DESY-83-071",
      SLACcitation   = "%%CITATION = PHLTA,B130,340;%%",
}


@article{Abdallah:2005cw,
      author         = "J.~Abdallah et al.",
      title          = "Production of $\Xi^0_c$ and $\Xi_b$ in $Z^0$ decays and lifetime
                        measurement of $\Xi_b$",
      collaboration  = "DELPHI",
      journal        = "Eur.Phys.J.",
      volume         = "C44",
      pages          = "299-309",
      doi            = "10.1140/epjc/s2005-02388-4",
      year           = "2005",
      eprint         = "hep-ex/0510023",
      archivePrefix  = "arXiv",
      primaryClass   = "hep-ex",
      reportNumber   = "CERN-PH-EP-2004-068",
      SLACcitation   = "%%CITATION = HEP-EX/0510023;%%",
}



%%%%%%%%%%%%%%%%%%%%%%%%%%%%%%%%%%%%%%%%%%%%%%%%%%%%%%%%%%%%%%%%%%%%%%%%

@article{Samuel:1996zc,
      author         = "M.A.~Samuel",
      title          = { {$Z^0\rightarrow b \bar{b}$} and {$Z^0\rightarrow c \bar{c}$} as tests of
                        The Standard Model and the mass of the {Higgs} boson},
      journal        = "Phys.Lett.",
      volume         = "B397",
      pages          = "241-244",
      doi            = "10.1016/S0370-2693(97)00099-3",
      year           = "1997",
      reportNumber   = "OSU-RN-319",
      SLACcitation   = "%%CITATION = PHLTA,B397,241;%%",
}
@article{Beringer:1900zz,
      author         = "J.~Beringer et al.",
      title          = "Review of Particle Physics",
      collaboration  = "Particle Data Group",
      journal        = "Phys.Rev.",
      volume         = "D86",
      pages          = "010001",
      doi            = "10.1103/PhysRevD.86.010001",
      year           = "2012",
      SLACcitation   = "%%CITATION = PHRVA,D86,010001;%%",
}


@article{Groom:2000in,
      author         = "D.E.~Groom et al.",
      title          = "Review of particle physics",
      collaboration  = "Particle Data Group",
      journal        = "Eur.Phys.J.",
      volume         = "C15",
      pages          = "1-878",
      year           = "2000",
      SLACcitation   = "%%CITATION = EPHJA,C15,1;%%",
}


@article{LEP:2003aa,
      author         = "SLD {G}roup",
      title          = {A Combination of preliminary electroweak measurements
                        and constraints on the {S}tandard model},
      collaboration  = "LEP Collaboration, ALEPH Collaboration, DELPHI
                        Collaboration, L3 Collaboration, OPAL Collaboration, LEP
                        Electroweak Working Group, SLD Electroweak Group, SLD
                        Heavy Flavor Group",
      year           = "2003",
      eprint         = "hep-ex/0312023",
      archivePrefix  = "arXiv",
      primaryClass   = "hep-ex",
      reportNumber   = "SLAC-R-701, LEPEWWG-2003-02,
                        ALEPH-2003-017-PHYSICS-2003-005, DELPHI-2003-072-PHYS-937,
                        L3-NOTE-2825, OPAL-PR-392, SLD-PHYSICS-NOTE-78,
                        CERN-EP-2003-091, LEP-EWWG-2003-02",
      SLACcitation   = "%%CITATION = HEP-EX/0312023;%%"
}
@article{Abbaneo:1997yb,
      author         = "D.~Abbaneo et al.",
      title          = {A Combination of preliminary electroweak measurements
                        and constraints on The Standard Model},
      collaboration  = "SLD Heavy Flavor Group, OPAL Collaboration, L3
                        Collaboration, DELPHI Collaboration, ALEPH Collaboration,
                        LEP Electroweak Working Group",
      year           = "1997",
      reportNumber   = "SLAC-PUB-9828, CERN-PPE-97-154",
      SLACcitation   = "%%CITATION = SLAC-PUB-9828 ETC.;%%"
}


@article{ALEPH:2005aa,
author = "SLD {G}roup",
      key            = "697356",
      title          = {A Combination of preliminary electroweak measurements
                        and constraints on The Standard Model},
      collaboration  = "ALEPH Collaboration, DELPHI Collaboration, L3
                        Collaboration, OPAL Collaboration, LEP Electroweak Working
                        Group",
      year           = "2005",
      eprint         = "hep-ex/0511027",
      archivePrefix  = "arXiv",
      primaryClass   = "hep-ex",
      reportNumber   = "CERN-PH-EP-2005-051, LEPEWWG-2005-01,
                        ALEPH-2005-004-PHYSICS-2005-004, DELPHI-2005-027-PHYS-947,
                        L3-NOTE-2832, OPAL-PR-413",
      SLACcitation   = "%%CITATION = HEP-EX/0511027;%%",
}



@article{Alexander:1995bk,
      author         = "G.~Alexander et al.",
      title          = {A Comparison of {$b$} and ({$u d s$}) quark jets to gluon
                        jets},
      collaboration  = "OPAL Collaboration",
      journal        = "Z.Phys.",
      volume         = "C69",
      pages          = "543-560",
      doi            = "10.1007/s002880050059",
      year           = "1996",
      reportNumber   = "CERN-PPE-95-126",
      SLACcitation   = "%%CITATION = ZEPYA,C69,543;%%",
}







@article{Albrecht:1990tu,
      author         = "Albrecht, H. and others",
      title          = "{Observation of the decays D(s)- ---> phi e-
                        anti-neutrino and D- ---> K*0 e- anti-neutrino}",
      collaboration  = "ARGUS",
      journal        = "Phys.Lett.",
      volume         = "B255",
      pages          = "634-638",
      doi            = "10.1016/0370-2693(91)90279-Y",
      year           = "1991",
      reportNumber   = "DESY-90-138",
      SLACcitation   = "%%CITATION = PHLTA,B255,634;%%",
}

@article{Avery:1988uh,
      author         = "Avery, P. and others",
      title          = "{Observation of the Charmed Strange Baryon $\Xi(c$)0}",
      collaboration  = "CLEO",
      journal        = "Phys.Rev.Lett.",
      volume         = "62",
      pages          = "863",
      doi            = "10.1103/PhysRevLett.62.863",
      year           = "1989",
      reportNumber   = "CLNS-88/872, CLEO-88-2",
      SLACcitation   = "%%CITATION = PRLTA,62,863;%%",
}


@article{Azhinenko:1983jz,
      author         = "Azhinenko, I.V. and others",
      title          = "{Neutral Strange Particle Production in $K^+ p$
                        Interactions}",
      collaboration  = "CERN-Soviet",
      journal        = "Z.Phys.",
      volume         = "C23",
      pages          = "307",
      doi            = "10.1007/BF01572655",
      year           = "1984",
      reportNumber   = "IFVE-83-108",
      SLACcitation   = "%%CITATION = ZEPYA,C23,307;%%",
}


@article{Bowcock:1989qh,
      author         = "Bowcock, T.J.V. and others",
      title          = "{$\Sigma(c$)++ and $\Sigma(c$)0 Production From $e^+ e^-$
                        Annihilation in the $\Upsilon$ Energy Region}",
      collaboration  = "CLEO",
      journal        = "Phys.Rev.Lett.",
      volume         = "62",
      pages          = "1240",
      doi            = "10.1103/PhysRevLett.62.1240",
      year           = "1989",
      reportNumber   = "CLNS-88/876, CLEO-88-3",
      SLACcitation   = "%%CITATION = PRLTA,62,1240;%%",
}


@article{Chetyrkin:1979bj,
      author         = "Chetyrkin, K.G. and Kataev, A.L. and Tkachov, F.V.",
      title          = "{Higher Order Corrections to Sigma-t (e+ e- ---> Hadrons)
                        in Quantum Chromodynamics}",
      journal        = "Phys.Lett.",
      volume         = "B85",
      pages          = "277",
      doi            = "10.1016/0370-2693(79)90596-3",
      year           = "1979",
      reportNumber   = "IYaI-P-0126",
      SLACcitation   = "%%CITATION = PHLTA,B85,277;%%",
}


@article{Chetyrkin:1996ia,
      author         = "Chetyrkin, K.G. and Kuhn, Johann H. and Kwiatkowski, A.",
      title          = "{QCD corrections to the $e^{+} e^{-}$ cross-section and
                        the $Z$ boson decay rate: Concepts and results}",
      journal        = "Phys.Rept.",
      volume         = "277",
      pages          = "189-281",
      doi            = "10.1016/S0370-1573(96)00012-9",
      year           = "1996",
      reportNumber   = "LBL-36678-REV, TTP-96-06, MPI-PHT-96-019",
      SLACcitation   = "%%CITATION = PRPLC,277,189;%%",
}


@article{CroninHennessy:2000bz,
      author         = "Cronin-Hennessy, D. and others",
      title          = "{Observation of the Omega0(c) charmed baryon at CLEO}",
      collaboration  = "CLEO",
      journal        = "Phys.Rev.Lett.",
      volume         = "86",
      pages          = "3730-3734",
      doi            = "10.1103/PhysRevLett.86.3730",
      year           = "2001",
      eprint         = "hep-ex/0010035",
      archivePrefix  = "arXiv",
      primaryClass   = "hep-ex",
      reportNumber   = "SLAC-REPRINT-2000-075, CLNS-00-1695, CLEO-00-19",
      SLACcitation   = "%%CITATION = HEP-EX/0010035;%%",
}


@article{DeWolf:1984ve,
      author         = "De Wolf, E.A. and others",
      title          = "{INCLUSIVE BARYON PRODUCTION IN K+ P INTERACTIONS AT
                        70-GeV/c}",
      collaboration  = "BRUSSELS-CERN-GENOA-MONS-NIJMEGEN-SERPUKHOV",
      journal        = "Nucl.Phys.",
      volume         = "B246",
      pages          = "431-461",
      doi            = "10.1016/0550-3213(84)90047-6",
      year           = "1984",
      SLACcitation   = "%%CITATION = NUPHA,B246,431;%%",
}

@article{Hicks:2005gp,
      author         = "Hicks, Kenneth H.",
      title          = "{Experimental search for pentaquarks}",
      journal        = "Prog.Part.Nucl.Phys.",
      volume         = "55",
      pages          = "647-676",
      doi            = "10.1016/j.ppnp.2005.05.002",
      year           = "2005",
      eprint         = "hep-ex/0504027",
      archivePrefix  = "arXiv",
      primaryClass   = "hep-ex",
      SLACcitation   = "%%CITATION = HEP-EX/0504027;%%",
}


@article{Libby:2008yp,
      author         = "Libby, Jim",
      title          = "{The Measurement of R at CLEO}",
      collaboration  = "CLEO",
      journal        = "Nucl.Phys.Proc.Suppl.",
      volume         = "181-182",
      pages          = "127-131",
      doi            = "10.1016/j.nuclphysbps.2008.09.027",
      year           = "2008",
      eprint         = "0807.1220",
      archivePrefix  = "arXiv",
      primaryClass   = "hep-ex",
      SLACcitation   = "%%CITATION = ARXIV:0807.1220;%%",
}



@article{Kodama:1991jk,
      author         = "Kodama, K. et al.",
      title          = "{Charm meson production in $800\GeV/c$ proton - emulsion
                        interactions}",
      collaboration  = "Fermilab E653",
      journal        = "Phys.Lett.",
      volume         = "B263",
      pages          = "573-578",
      doi            = "10.1016/0370-2693(91)90506-L",
      year           = "1991",
      reportNumber   = "CMU-HEP91-17",
      SLACcitation   = "%%CITATION = PHLTA,B263,573;%%",
}



% buble chamber
@article{AguilarBenitez:1988sb,
      author         = "M.~Aguilar-Benitez et al.",
      title          = "{Charm Hadron Properties in $400\GeV$ $p p$ Interactions}",
      collaboration  = "LEBC-EHS",
      journal        = "Z.Phys.",
      volume         = "C40",
      pages          = "321",
      doi            = "10.1007/BF01548848",
      year           = "1988",
      reportNumber   = "CERN-EP-88-49",
      SLACcitation   = "%%CITATION = ZEPYA,C40,321;%%",
}


%article{Karchin:1988kq, Kontains Eta_c0/Lambda_c!!!!, 
% veeery interesting

@article{Karchin:1988kq,
      author         = "P.E.~Karchin et al.",
      title          = "{Charm photoproduction results from {Fermilab} {E691} and
                        prospects for hadroproduction in E769.}",
      collaboration  = "E769, E691",
      journal        = "Nucl.Phys.Proc.Suppl.",
      volume         = "7B",
      pages          = "60-68",
      doi            = "10.1016/0920-5632(89)90586-0",
      year           = "1989",
      SLACcitation   = "%%CITATION = NUPHZ,7B,60;%%",
}

%Beams

@article{Benno,
      author         = "B.~List",
      title          = "{Decomposition of a covariance matrix in to uncorrelated and correlated errors 
                         }",
      journal        = "no",
      volume         = "no",
      pages          = "no",
      doi            = "no",
      year           = "no"
}


@article{Schilcher:1985yk,
      author         = "K.~Schilcher",
      title          = {THE TOTAL {$e^+ e^-$} ANNIHILATION CROSS-SECTION IN THE CHARM
                        CONTINUUM},
      journal        = "Phys.Rev.",
      volume         = "D33",
      pages          = "683",
      doi            = "10.1103/PhysRevD.33.683",
      year           = "1986",
      reportNumber   = "UCLA/85/TEP/13",
      SLACcitation   = "%%CITATION = PHRVA,D33,683;%%",
}


@article{Bethke:2009jm,
      author         = "S.~Bethke",
      title          = "{The 2009 world average of {$\alpha(s)$}}",
      journal        = "Eur.Phys.J.",
      volume         = "C64",
      pages          = "689-703",
      doi            = "10.1140/epjc/s10052-009-1173-1",
      year           = "2009",
      eprint         = "0908.1135",
      archivePrefix  = "arXiv",
      primaryClass   = "hep-ph",
      SLACcitation   = "%%CITATION = ARXIV:0908.1135;%%",
}






@article{Valassi:2003mu,
      author         = "A.~Valassi",
      title          = "{Combining correlated measurements of several different
                        physical quantities}",
      journal        = "Nucl.Instrum.Meth.",
      volume         = "A500",
      pages          = "391-405",
      doi            = "10.1016/S0168-9002(03)00329-2",
      year           = "2003",
      SLACcitation   = "%%CITATION = NUIMA,A500,391;%%",
}


@article{Lyons:1988rp,
      author         = "L.~Lyons, D.~Gibaut and P.~Clifford",
      title          = {How to Combine Correlated Estimates of a Single Physical
                        Quantity},
      journal        = "Nucl.Instrum.Meth.",
      volume         = "A270",
      pages          = "110",
      doi            = "10.1016/0168-9002(88)90018-6",
      year           = "1988",
      reportNumber   = "PRINT-88-0048 (OXFORD), OXFORD-NP-5-88",
      SLACcitation   = "%%CITATION = NUIMA,A270,110;%%",
}


