@article{Abbiendi:2004qz,
      author         = "Abbiendi, G. and others",
      title          = "{Measurement of event shape distributions and moments in
                        e+ e- ---> hadrons at 91-GeV - 209-GeV and a determination
                        of alpha(s)}",
      collaboration  = "OPAL",
      journal        = "Eur. Phys. J.",
      volume         = "C40",
      year           = "2005",
      pages          = "287-316",
      doi            = "10.1140/epjc/s2005-02120-6",
      eprint         = "hep-ex/0503051",
      archivePrefix  = "arXiv",
      primaryClass   = "hep-ex",
      reportNumber   = "CERN-PH-EP-2004-044",
      SLACcitation   = "%%CITATION = HEP-EX/0503051;%%"
}

@article{Abbiendi:2003dh,
      author         = "Abbiendi, G. and others",
      title          = "{Tests of the standard model and constraints on new
                        physics from measurements of fermion pair production at
                        189-GeV to 209-GeV at LEP}",
      collaboration  = "OPAL",
      journal        = "Eur. Phys. J.",
      volume         = "C33",
      year           = "2004",
      pages          = "173-212",
      doi            = "10.1140/epjc/s2004-01595-9",
      eprint         = "hep-ex/0309053",
      archivePrefix  = "arXiv",
      primaryClass   = "hep-ex",
      reportNumber   = "CERN-EP-2003-053",
      SLACcitation   = "%%CITATION = HEP-EX/0309053;%%"
}


@article{Fujimoto:1996wj,
      author         = "Fujimoto, J. and Ishikawa, T. and Kaneko, T. and Kato, K.
                        and Kawabata, S. and Kurihara, Y. and Munehisa, T. and
                        Perret-Gallix, D. and Shimizu, Y. and Tanaka, H.",
      title          = "{Grc4f v1.1: A Four fermion event generator for e+ e-
                        collisions}",
      journal        = "Comput. Phys. Commun.",
      volume         = "100",
      year           = "1997",
      pages          = "128-156",
      doi            = "10.1016/S0010-4655(96)00126-9",
      eprint         = "hep-ph/9605312",
      archivePrefix  = "arXiv",
      primaryClass   = "hep-ph",
      reportNumber   = "KEK-CP-046",
      SLACcitation   = "%%CITATION = HEP-PH/9605312;%%"
}





@article{Brun:1987ma,
      author         = "Brun, R. and Bruyant, F. and Maire, M. and McPherson, A.
                        C. and Zanarini, P.",
      title          = "{GEANT3}",
      year           = "1987",
      reportNumber   = "CERN-DD-EE-84-1",
      SLACcitation   = "%%CITATION = CERN-DD-EE-84-1;%%"
}


@article{Sjostrand:2000wi,
      author         = "Sjostrand, Torbjorn and Eden, Patrik and Friberg,
                        Christer and Lonnblad, Leif and Miu, Gabriela and Mrenna,
                        Stephen and Norrbin, Emanuel",
      title          = "{High-energy physics event generation with PYTHIA 6.1}",
      journal        = "Comput. Phys. Commun.",
      volume         = "135",
      year           = "2001",
      pages          = "238-259",
      doi            = "10.1016/S0010-4655(00)00236-8",
      eprint         = "hep-ph/0010017",
      archivePrefix  = "arXiv",
      primaryClass   = "hep-ph",
      reportNumber   = "LU-TP-00-30",
      SLACcitation   = "%%CITATION = HEP-PH/0010017;%%"
}


@article{Corcella:2000bw,
      author         = "Corcella, G. and Knowles, I. G. and Marchesini, G. and
                        Moretti, S. and Odagiri, K. and Richardson, P. and
                        Seymour, M. H. and Webber, B. R.",
      title          = "{HERWIG 6: An Event generator for hadron emission
                        reactions with interfering gluons (including
                        supersymmetric processes)}",
      journal        = "JHEP",
      volume         = "01",
      year           = "2001",
      pages          = "010",
      doi            = "10.1088/1126-6708/2001/01/010",
      eprint         = "hep-ph/0011363",
      archivePrefix  = "arXiv",
      primaryClass   = "hep-ph",
      reportNumber   = "CAVENDISH-HEP-99-03, CERN-TH-2000-284, RAL-TR-2000-048",
      SLACcitation   = "%%CITATION = HEP-PH/0011363;%%"
}


@article{Allison:1991bf,
      author         = "Allison, John and others",
      title          = "{The Detector simulation program for the OPAL experiment
                        at LEP}",
      collaboration  = "OPAL",
      journal        = "Nucl. Instrum. Meth.",
      volume         = "A317",
      year           = "1992",
      pages          = "47-74",
      doi            = "10.1016/0168-9002(92)90593-S",
      reportNumber   = "CERN-PPE-91-234",
      SLACcitation   = "%%CITATION = NUIMA,A317,47;%%"
}






%%%%%%%%%%%%%%%%%%%%%%%%%%%%%%%%%%%%%%%%%%%%%%%%%%%%%%%%%%%%%%%%%%%%%%%%%%%

@article{Gleisberg:2008ta,
      author         = "T.~Gleisberg et al.",
      title          = {Event generation with {SHERPA 1.1}},
      journal        = "JHEP",
      volume         = "02",
      year           = "2009",
      pages          = "007",
      doi            = "10.1088/1126-6708/2009/02/007",
      eprint         = "0811.4622",
      archivePrefix  = "arXiv",
      primaryClass   = "hep-ph",
      reportNumber   = "FERMILAB-PUB-08-477-T, SLAC-PUB-13420, ZU-TH-17-08,
                        DCPT-08-138, IPPP-08-69, EDINBURGH-2008-30, MCNET-08-14",
      SLACcitation   = "%%CITATION = ARXIV:0811.4622;%%"
}



@article{Abbiendi:2000eg,
      author         = "G.~Abbiendi et al",
      title          = {{$W^+ W^-$} production cross-section and {$W$} branching fractions
                        in $e^+ e^-$ collisions at {$189\GeV$}},
      collaboration  = "OPAL Collaboration",
      journal        = "Phys. Lett.",
      volume         = "B493",
      year           = "2000",
      pages          = "249-265",
      doi            = "10.1016/S0370-2693(00)01085-6",
      eprint         = "hep-ex/0009019",
      archivePrefix  = "arXiv",
      primaryClass   = "hep-ex",
      reportNumber   = "CERN-EP-2000-101",
      SLACcitation   = "%%CITATION = HEP-EX/0009019;%%"
}



@article{Skrzypek:1995wd,
      author         = "M.~Skrzypek, S.~Jadach, W.~Placzek and Z.~Was",
      title          = {{Monte Carlo} program {KORALW-1.02} for {$W$} pair production at
                        {LEP-2 / NLC} energies with {Yennie-Frautschi-Suura}
                        exponentiation},
      journal        = "Comput. Phys. Commun.",
      volume         = "94",
      year           = "1996",
      pages          = "216-248",
      doi            = "10.1016/0010-4655(95)00133-6",
      reportNumber   = "CERN-TH-95-205",
      SLACcitation   = "%%CITATION = CPHCB,94,216;%%"
}




@article{Alexander:1996kh,
      author         = "G.~Alexander et al.",
      title          = {{QCD} studies with $e^+ e^-$ annihilation data at {$130\GeV$} and
                        {$136\GeV$}},
      collaboration  = "OPAL Collaboration",
      journal        = "Z. Phys.",
      volume         = "C72",
      year           = "1996",
      pages          = "191-206",
      doi            = "10.1007/s002880050237",
      reportNumber   = "CERN-PPE-96-047, CERN-PPE-96-47",
      SLACcitation   = "%%CITATION = ZEPYA,C72,191;%%"
}



@article{Ackerstaff:1997kk,
      author         = "K.~Ackerstaff et al.",
      title          = {{QCD} studies with $e^+e^-$ annihilation data at {$161\GeV$}},
      collaboration  = "OPAL Collaboration",
      journal        = "Z. Phys.",
      volume         = "C75",
      year           = "1997",
      pages          = "193-207",
      doi            = "10.1007/s002880050462",
      reportNumber   = "CERN-PPE-97-015, CERN-PPE-97-15",
      SLACcitation   = "%%CITATION = ZEPYA,C75,193;%%"
}


@article{Acton:1992fa,
      author         = "P.D.~Acton  et al.",
      title          = {A Global determination of {$\alpha_{s} (M(Z))$} at {LEP}},
      collaboration  = "OPAL Collaboration",
      journal        = "Z. Phys.",
      volume         = "C55",
      year           = "1992",
      pages          = "1-24",
      doi            = "10.1007/BF01558285",
      reportNumber   = "CERN-PPE-92-18",
      SLACcitation   = "%%CITATION = ZEPYA,C55,1;%%"
}


@article{Akrawy:1989rg,
      author         = "M.Z.~Akrawy  et al.",
      title          = {A Study of Jet Production Rates and a Test of {QCD} on the
                        {$Z^0$} Resonance},
      collaboration  = "OPAL Collaboration",
      journal        = "Phys. Lett.",
      volume         = "B235",
      year           = "1990",
      pages          = "389",
      doi            = "10.1016/0370-2693(90)91983-I",
      reportNumber   = "CERN-EP-89-153",
      SLACcitation   = "%%CITATION = PHLTA,B235,389;%%"
}





@article{Heister:2003aj,
      author         = "A.~Heister et al.",
      title          = {Studies of {QCD} at {$e^+ e^-$} centre-of-mass energies between
                        {$91\GeV$} and {$209\GeV$}},
      collaboration  = "ALEPH Collaboration",
      journal        = "Eur. Phys. J.",
      volume         = "C35",
      year           = "2004",
      pages          = "457-486",
      doi            = "10.1140/epjc/s2004-01891-4",
      reportNumber   = "CERN-EP-2003-084",
      SLACcitation   = "%%CITATION = EPHJA,C35,457;%%"
}



@article{Abdallah:2003xz,
      author         = "J.~Abdallah et al.",
      title          = {A Study of the energy evolution of event shape
                        distributions and their means with the {DELPHI} detector at
                        {LEP}},
      collaboration  = "DELPHI Collaboration",
      journal        = "Eur. Phys. J.",
      volume         = "C29",
      year           = "2003",
      pages          = "285-312",
      doi            = "10.1140/epjc/s2003-01198-0",
      eprint         = "hep-ex/0307048",
      archivePrefix  = "arXiv",
      primaryClass   = "hep-ex",
      reportNumber   = "CERN-EP-2002-082",
      SLACcitation   = "%%CITATION = HEP-EX/0307048;%%"
}

@article{Achard:2004sv,
      author         = "P.~Achard et al.",
      title          = {Studies of hadronic event structure in $e^{+} e^{-}$
                        annihilation from {$130\GeV$} to {$209\GeV$} with the {L3} detector},
      collaboration  = "L3 Collaboration",
      journal        = "Phys. Rept.",
      volume         = "399",
      year           = "2004",
      pages          = "71-174",
      doi            = "10.1016/j.physrep.2004.07.002",
      eprint         = "hep-ex/0406049",
      archivePrefix  = "arXiv",
      primaryClass   = "hep-ex",
      reportNumber   = "CERN-PH-EP-2004-024, CERN-EP-PH-2004-024",
      SLACcitation   = "%%CITATION = HEP-EX/0406049;%%"
}


@article{Bartel:1986ua,
      author         = "W.~Bartel et al.",
      title          = {Experimental Studies on Multi-Jet Production in $e^+ e^-$
                        Annihilation at {PETRA} Energies},
      booktitle      = "{Moriond 1986: Hadronic v.2:53}",
      collaboration  = "JADE Collaboration",
      journal        = "Z. Phys.",
      volume         = "C33",
      year           = "1986",
      pages          = "23",
      doi            = "10.1007/BF01410449",
      reportNumber   = "DESY-86-086",
      SLACcitation   = "%%CITATION = ZEPYA,C33,23;%%"
}

@article{Catani:1991hj,
      author         = "S.~Catani et al.",
      title          = {New clustering algorithm for multi-jet cross-sections
                        in $e^+e^-$ annihilation},
      journal        = "Phys. Lett.",
      volume         = "B269",
      year           = "1991",
      pages          = "432-438",
      doi            = "10.1016/0370-2693(91)90196-W",
      reportNumber   = "CAVENDISH-HEP-91-5",
      SLACcitation   = "%%CITATION = PHLTA,B269,432;%%"
}


@article{Ahmet:1990eg,
      author         = "K.~Ahmet et al.",
      title          = {The {OPAL} detector at {LEP}},
      collaboration  = "OPAL Collaboration",
      journal        = "Nucl. Instrum. Meth.",
      volume         = "A305",
      year           = "1991",
      pages          = "275-319",
      doi            = "10.1016/0168-9002(91)90547-4",
      reportNumber   = "CERN-PPE-90-114",
      SLACcitation   = "%%CITATION = NUIMA,A305,275;%%"
}




@article{Anderson:1997xwa,
      author         = "S.~Anderson et al.",
      title          = {The extended {OPAL} silicon strip microvertex detector},
      collaboration  = "OPAL Collaboration",
      journal        = "Nucl. Instrum. Meth.",
      volume         = "A403",
      year           = "1998",
      pages          = "326-350",
      doi            = "10.1016/S0168-9002(97)01093-0",
      reportNumber   = "CERN-PPE-97-092, CERN-PPE-97-92",
      SLACcitation   = "%%CITATION = NUIMA,A403,326;%%"
}




@article{Abbiendi:2003dh,
      author         = "G.~Abbiendi et al.",
      title          = {Tests of the standard model and constraints on new
                        physics from measurements of fermion pair production at
                        {$189\GeV$} to {$209\GeV$} at {LEP}},
      collaboration  = "OPAL Collaboration",
      journal        = "Eur. Phys. J.",
      volume         = "C33",
      year           = "2004",
      pages          = "173-212",
      doi            = "10.1140/epjc/s2004-01595-9",
      eprint         = "hep-ex/0309053",
      archivePrefix  = "arXiv",
      primaryClass   = "hep-ex",
      reportNumber   = "CERN-EP-2003-053",
      SLACcitation   = "%%CITATION = HEP-EX/0309053;%%"
}



@article{Abbiendi:2005eq,
      author         = "G.~Abbiendi et al.",
      title          = {Measurement of the mass and width of the {$W$} boson},
      collaboration  = "OPAL Collaboration",
      journal        = "Eur. Phys. J.",
      volume         = "C45",
      year           = "2006",
      pages          = "307-335",
      doi            = "10.1140/epjc/s2005-02440-5",
      eprint         = "hep-ex/0508060",
      archivePrefix  = "arXiv",
      primaryClass   = "hep-ex",
      reportNumber   = "OPAL-PR-410, CERN-PH-EP-2005-038",
      SLACcitation   = "%%CITATION = HEP-EX/0508060;%%"
}





@article{Ackerstaff:1997nga,
      author         = "K.~Ackerstaff et al.",
      title          = {Search for chargino and neutralino production at
                        {$\sqrt{s} = 170\GeV$} and {$172\GeV$} at {LEP}},
      collaboration  = "OPAL Collaboration",
      journal        = "Eur. Phys. J.",
      volume         = "C2",
      year           = "1998",
      pages          = "213-236",
      doi            = "10.1007/s100520050134",
      eprint         = "hep-ex/9708018",
      archivePrefix  = "arXiv",
      primaryClass   = "hep-ex",
      reportNumber   = "CERN-PPE-97-083",
      SLACcitation   = "%%CITATION = HEP-EX/9708018;%%"
}




@article{Abbiendi:1999sy,
      author         = "G.~Abbiendi et al.",
      title          = {Search for neutral {Higgs} bosons in $e^+e^-$ collisions at
                        $s^{1/2}$ approximately equals {$189\GeV$}},
      collaboration  = "OPAL Collaboration",
      journal        = "Eur. Phys. J.",
      volume         = "C12",
      year           = "2000",
      pages          = "567-586",
      doi            = "10.1007/s100520000286",
      eprint         = "hep-ex/9908002",
      archivePrefix  = "arXiv",
      primaryClass   = "hep-ex",
      reportNumber   = "CERN-EP-99-096",
      SLACcitation   = "%%CITATION = HEP-EX/9908002;%%"
}





@article{OPAL:2011aa,
      author         = "G.~Abbiendi et al.",
      title          = {Determination of $\alpha_s$ using {OPAL} hadronic event
                        shapes at {$\sqrt{s}=91-209\GeV$} and resummed {NNLO}
                        calculations},
      collaboration  = "OPAL Collaboration",
      journal        = "Eur. Phys. J.",
      volume         = "C71",
      year           = "2011",
      pages          = "1733",
      doi            = "10.1140/epjc/s10052-011-1733-z",
      eprint         = "1101.1470",
      archivePrefix  = "arXiv",
      primaryClass   = "hep-ex",
      reportNumber   = "CERN-PH-EP-2010-089",
      SLACcitation   = "%%CITATION = ARXIV:1101.1470;%%"
}





@article{Buckley:2010ar,
      author         = "A.~Buckley et al.",
      title          = {Rivet user manual},
      journal        = "Comput. Phys. Commun.",
      volume         = "184",
      year           = "2013",
      pages          = "2803-2819",
      doi            = "10.1016/j.cpc.2013.05.021",
      eprint         = "1003.0694",
      archivePrefix  = "arXiv",
      primaryClass   = "hep-ph",
      reportNumber   = "MCNET-10-03",
      SLACcitation   = "%%CITATION = ARXIV:1003.0694;%%"
}





@article{Cacciari:2011ma,
      author         = "M.~Cacciari, P.G.~Salam and G.~Soyez",
      title          = {{FastJet} User Manual},
      journal        = "Eur. Phys. J.",
      volume         = "C72",
      year           = "2012",
      pages          = "1896",
      doi            = "10.1140/epjc/s10052-012-1896-2",
      eprint         = "1111.6097",
      archivePrefix  = "arXiv",
      primaryClass   = "hep-ph",
      reportNumber   = "CERN-PH-TH-2011-297",
      SLACcitation   = "%%CITATION = ARXIV:1111.6097;%%"
}





@article{Cacciari:2005hq,
      author         = "M.~Cacciari and P.G.~Salam",
      title          = {Dispelling the {$N^{3}$} myth for the $k_t$ jet-finder},
      journal        = "Phys. Lett.",
      volume         = "B641",
      year           = "2006",
      pages          = "57-61",
      doi            = "10.1016/j.physletb.2006.08.037",
      eprint         = "hep-ph/0512210",
      archivePrefix  = "arXiv",
      primaryClass   = "hep-ph",
      reportNumber   = "LPTHE-05-32",
      SLACcitation   = "%%CITATION = HEP-PH/0512210;%%"
}


@article{Cacciari:2008gp,
      author         = "M.~Cacciari, P.G.~Salam and G.~Soyez",
      title          = {The {Anti-$k_t$} jet clustering algorithm},
      journal        = "JHEP",
      volume         = "04",
      year           = "2008",
      pages          = "063",
      doi            = "10.1088/1126-6708/2008/04/063",
      eprint         = "0802.1189",
      archivePrefix  = "arXiv",
      primaryClass   = "hep-ph",
      reportNumber   = "LPTHE-07-03",
      SLACcitation   = "%%CITATION = ARXIV:0802.1189;%%"
}


@article{Dokshitzer:1997in,
      author         = "Y.L.~Dokshitzer, G.D.~Leder, S.~Moretti and
                        B.R.~Webber",
      title          = {Better jet clustering algorithms},
      journal        = "JHEP",
      volume         = "08",
      year           = "1997",
      pages          = "001",
      doi            = "10.1088/1126-6708/1997/08/001",
      eprint         = "hep-ph/9707323",
      archivePrefix  = "arXiv",
      primaryClass   = "hep-ph",
      reportNumber   = "CAVENDISH-HEP-97-06",
      SLACcitation   = "%%CITATION = HEP-PH/9707323;%%"
}




@article{Besson:2007aa,
      author         = "D.~Besson et al.",
      title          = {Measurement of the Total Hadronic Cross Section in {$e^+e^-$}
                        Annihilations below {$10.56~\GeV$}},
      collaboration  = "CLEO Collaboration",
      journal        = "Phys.Rev.",
      volume         = "D76",
      pages          = "072008",
      doi            = "10.1103/PhysRevD.76.072008",
      year           = "2007",
      eprint         = "0706.2813",
      archivePrefix  = "arXiv",
      primaryClass   = "hep-ex",
      reportNumber   = "CLNS-07-1998, CLEO-07-7",
      SLACcitation   = "%%CITATION = ARXIV:0706.2813;%%",
}

@article{Aubert:2006cp,
      author         = "B.~Aubert et al.",
      title          = {Inclusive {$\Lambda_c^+$} Production in {$e^+ e^-$} Annihilations
                        at {$\sqrt{s} = 10.54~\GeV$} and in {$\Upsilon(4S)$} Decays},
      collaboration  = "BaBar Collaboration",
      journal        = "Phys.Rev.",
      volume         = "D75",
      pages          = "012003",
      doi            = "10.1103/PhysRevD.75.012003",
      year           = "2007",
      eprint         = "hep-ex/0609004",
      archivePrefix  = "arXiv",
      primaryClass   = "hep-ex",
      reportNumber   = "SLAC-PUB-12074, BABAR-PUB-06-054",
      SLACcitation   = "%%CITATION = HEP-EX/0609004;%%",
}

@article{Seuster:2005tr,
      author         = "R.~Seuster et al.",
      title          = {Charm hadrons from fragmentation and {$B$} decays in {$e^+ e^-$}
                        annihilation at {$\sqrt{s}=10.6~\GeV$}},
      collaboration  = "Belle Collaboration",
      journal        = "Phys.Rev.",
      volume         = "D73",
      pages          = "032002",
      doi            = "10.1103/PhysRevD.73.032002",
      year           = "2006",
      eprint         = "hep-ex/0506068",
      archivePrefix  = "arXiv",
      primaryClass   = "hep-ex",
      reportNumber   = "BELLE-PREPRINT-2005-23, KEK-PREPRINT-2005-34",
      SLACcitation   = "%%CITATION = HEP-EX/0506068;%%",
}

@article{Aubert:2002ue,
      author         = "B.~Aubert et al.",
      title          = {Measurement of {$D_s^+$} and {$D_s^{*+}$} production in {$B$}
                        meson decays and from continuum {$e^+e^-$} annihilation at
                        {$\sqrt{s}=10.6~\GeV$}},
      collaboration  = "BaBar Collaboration",
      journal        = "Phys.Rev.",
      volume         = "D65",
      pages          = "091104",
      doi            = "10.1103/PhysRevD.65.091104",
      year           = "2002",
      eprint         = "hep-ex/0201041",
      archivePrefix  = "arXiv",
      primaryClass   = "hep-ex",
      reportNumber   = "SLAC-PUB-9131, BABAR-PUB-01-17",
      SLACcitation   = "%%CITATION = HEP-EX/0201041;%%",
}




@article{Abramowicz:2013eja,
      author         = "H.~Abramowicz et al.",
      title          = {Measurement of charm fragmentation fractions in
                        photoproduction at {HERA}},
      collaboration  = "ZEUS Collaboration",
      journal        = "JHEP",
      volume         = "1309",
      pages          = "058",
      doi            = "10.1007/JHEP09(2013)058",
      year           = "2013",
      eprint         = "1306.4862",
      archivePrefix  = "arXiv",
      primaryClass   = "hep-ex",
      reportNumber   = "DESY-13-106",
      SLACcitation   = "%%CITATION = ARXIV:1306.4862;%%",
}


@article{Chekanov:2005mm,
      author         = "S.~Chekanov et al.",
      title          = {Measurement of charm fragmentation ratios and fractions
                        in photoproduction at {HERA}},
      collaboration  = "ZEUS Collaboration",
      journal        = "Eur.Phys.J.",
      volume         = "C44",
      pages          = "351-366",
      doi            = "10.1140/epjc/s2005-02397-3",
      year           = "2005",
      eprint         = "hep-ex/0508019",
      archivePrefix  = "arXiv",
      primaryClass   = "hep-ex",
      reportNumber   = "DESY-05-147",
      SLACcitation   = "%%CITATION = HEP-EX/0508019;%%",
}


@article{Abramowicz:2010aa,
      author         = "H.~Abramowicz et al.",
      title          = {Measurement of {$D^+$} and {$\Lambda_{c}^{+}$} production in
                        deep inelastic scattering at {HERA}},
      collaboration  = "ZEUS Collaboration",
      journal        = "JHEP",
      volume         = "1011",
      pages          = "009",
      doi            = "10.1007/JHEP11(2010)009",
      year           = "2010",
      eprint         = "1007.1945",
      archivePrefix  = "arXiv",
      primaryClass   = "hep-ex",
      reportNumber   = "DESY-10-064",
      SLACcitation   = "%%CITATION = ARXIV:1007.1945;%%",
}

@article{Chekanov:2007ch,
      author         = "S.~Chekanov et al.",
      title          = {Measurement of {$D$} mesons production in deep inelastic
                        scattering at {HERA}},
      collaboration  = "ZEUS Collaboration",
      journal        = "JHEP",
      volume         = "0707",
      pages          = "074",
      doi            = "10.1088/1126-6708/2007/07/074",
      year           = "2007",
      eprint         = "0704.3562",
      archivePrefix  = "arXiv",
      primaryClass   = "hep-ex",
      reportNumber   = "DESY-07-052",
      SLACcitation   = "%%CITATION = ARXIV:0704.3562;%%",
}



@article{Aktas:2004ka,
      author         = "A.~Aktas et al.",
      title          = {Inclusive production of {$D^+$}, {$D^0$}, {$D^+_s$} and {$D^{*+}$} mesons in
                        deep inelastic scattering at {HERA}},
      collaboration  = "H1 Collaboration",
      journal        = "Eur.Phys.J.",
      volume         = "C38",
      pages          = "447-459",
      doi            = "10.1140/epjc/s2004-02069-x",
      year           = "2005",
      eprint         = "hep-ex/0408149",
      archivePrefix  = "arXiv",
      primaryClass   = "hep-ex",
      reportNumber   = "DESY-04-156",
      SLACcitation   = "%%CITATION = HEP-EX/0408149;%%",
}

@article{Abreu:1999vw,
      author         = "P.~Abreu  et al.",
      title          = {Measurements of the {$Z$} partial decay width into {$c\bar{c}$}
                        and multiplicity of charm quarks per {$b$} decay},
      collaboration  = "DELPHI Collaboration",
      journal        = "Eur.Phys.J.",
      volume         = "C12",
      pages          = "225-241",
      doi            = "10.1007/s100529900228",
      year           = "2000",
      reportNumber   = "CERN-EP-99-066, CERN-EP-99-66",
      SLACcitation   = "%%CITATION = EPHJA,C12,225;%%",
}





@article{Abreu:1999vx,
      author         = "P.~Abreu et al.",
      title          = {Determination of {$P(c\rightarrow D^{*+})$} and {$BR(c\rightarrow l^+)$} at {LEP-I}},
      collaboration  = "DELPHI Collaboration",
      journal        = "Eur.Phys.J.",
      volume         = "C12",
      pages          = "209-224",
      doi            = "10.1007/s100529900227",
      year           = "2000",
      reportNumber   = "CERN-EP-99-067",
      SLACcitation   = "%%CITATION = EPHJA,C12,209;%%"
}

@article{Lohrmann:2011np,
      author         = "E.~Lohrmann",
      title          = {A Summary of Charm Hadron Production Fractions},
      year           = "2011",
      eprint         = "1112.3757",
      archivePrefix  = "arXiv",
      primaryClass   = "hep-ex",
      SLACcitation   = "%%CITATION = ARXIV:1112.3757;%%",
}


@article{Gladilin:1999pj,
      author         = "L.~Gladilin",
      title          = {Charm hadron production fractions},
      year           = "1999",
      eprint         = "hep-ex/9912064",
      archivePrefix  = "arXiv",
      primaryClass   = "hep-ex",
      SLACcitation   = "%%CITATION = HEP-EX/9912064;%%",
}



@article{Bortoletto:1988kw,
      author         = "D.~Bortoletto et al.",
      title          = {Charm Production in Nonresonant {$e^+ e^-$} Annihilations at
                        {$\sqrt{s} = 10.55~\GeV$}},
      collaboration  = "CLEO Collaboration",
      journal        = "Phys.Rev.",
      volume         = "D37",
      pages          = "1719",
      doi            = "10.1103/PhysRevD.37.1719, 10.1103/PhysRevD.39.1471",
      year           = "1988",
      reportNumber   = "CLNS-87-105, CLEO-87-8",
      SLACcitation   = "%%CITATION = PHRVA,D37,1719;%%",
      link=" "

}


@article{Avery:1990bc,
      author         = "P.~Avery et al.",
      title          = {Inclusive production of the charmed baryon {$\Lambda_c$}
                        from {$e^+ e^-$} annihilations at {$\sqrt{s} = 10.55~\GeV$}},
      collaboration  = "CLEO Collaboration",
      journal        = "Phys.Rev.",
      volume         = "D43",
      pages          = "3599-3610",
      doi            = "10.1103/PhysRevD.43.3599",
      year           = "1991",
      reportNumber   = "CLNS-90-992, CLEO-90-5",
      SLACcitation   = "%%CITATION = PHRVA,D43,3599;%%",
      link=" "

}



@article{Albrecht:1988an,
      author         = "H.~Albrecht et al.",
      title          = {OBSERVATION OF THE CHARMED BARYON {$\Lambda_c$} IN {$e^+ e^-$}
                        ANNIHILATION AT {$10~\GeV$}},
      collaboration  = "ARGUS Collaboration",
      journal        = "Phys.Lett.",
      volume         = "B207",
      pages          = "109",
      doi            = "10.1016/0370-2693(88)90896-9",
      year           = "1988",
      reportNumber   = "DESY 88/011",
      SLACcitation   = "%%CITATION = PHLTA,B207,109;%%",
}


@article{Albrecht:1991ss,
      author         = "H.~Albrecht et al.",
      title          = {Inclusive production of {$D^0$}, {$D^+$} and {$D^{*+} (2010)$} mesons in
                        {$B$}-decays and nonresonant {$e^+ e^-$} annihilation at {$10.6~\GeV$}},
      collaboration  = "ARGUS Collaboration",
      journal        = "Z.Phys.",
      volume         = "C52",
      pages          = "353-360",
      doi            = "10.1007/BF01559430",
      year           = "1991",
      reportNumber   = "DESY-91-023",
      SLACcitation   = "%%CITATION = ZEPYA,C52,353;%%",
}



@article{Albrecht:1991pa,
      author         = "H.~Albrecht et al.",
      title          = {Production of {$D^+_s$} mesons in {$B$} decays and determination
                        of {$f(D^+_s)$}},
      collaboration  = "ARGUS Collaboration",
      journal        = "Z.Phys.",
      volume         = "C54",
      pages          = "1-12",
      doi            = "10.1007/BF01881703",
      year           = "1992",
      reportNumber   = "DESY-91-121",
      SLACcitation   = "%%CITATION = ZEPYA,C54,1;%%",
}



@article{Alexander:1996wy,
      author         = "G.~Alexander et al.",
      title          = {A Study of charm hadron production in {$Z\rightarrow c\bar{c}$}
                         and {$Z\rightarrow b\bar{b}$}   decays at {LEP}},
      collaboration  = "OPAL Collaboration",
      journal        = "Z.Phys.",
      volume         = "C72",
      pages          = "1-16",
      doi            = "10.1007/s002880050218",
      year           = "1996",
      reportNumber   = "CERN-PPE-96-051, CERN-PPE-96-51",
      SLACcitation   = "%%CITATION = ZEPYA,C72,1;%%",
}


@article{Ackerstaff:1997ki,
      author         = "K.~Ackerstaff et al.",
      title          = {Measurement of {$f(c\rightarrow D^{*+} X)$}, {$f(b \rightarrow D^{*+} X)$}
                        and {$\Gamma_{c \bar{c}} / \Gamma_{\text{hadronic}}$} using {$D^{*\pm}$}
                        mesons},
      collaboration  = "OPAL Collaboration",
      journal        = "Eur.Phys.J.",
      volume         = "C1",
      pages          = "439-459",
      doi            = "10.1007/s100520050095",
      year           = "1998",
      eprint         = "hep-ex/9708021",
      archivePrefix  = "arXiv",
      primaryClass   = "hep-ex",
      reportNumber   = "CERN-PPE-97-093, CERN-PPE-97-93",
      SLACcitation   = "%%CITATION = HEP-EX/9708021;%%",
}



@article{Barate:1999bg,
      author         = "R.~Barate et al.",
      title          = {Study of charm production in {$Z$} decays},
      collaboration  = "ALEPH Collaboration",
      journal        = "Eur.Phys.J.",
      volume         = "C16",
      pages          = "597-611",
      doi            = "10.1007/s100520000421",
      year           = "2000",
      eprint         = "hep-ex/9909032",
      archivePrefix  = "arXiv",
      primaryClass   = "hep-ex",
      reportNumber   = "CERN-EP-99-094",
      SLACcitation   = "%%CITATION = HEP-EX/9909032;%%",
}





@article{Chekanov:2008yd,
      author         = "S.~Chekanov et al.",
      title          = {Measurement of {$D^{+}$} and {$D^0$} production in deep inelastic
                        scattering using a lifetime tag at {HERA}},
      collaboration  = "ZEUS Collaboration",
      journal        = "Eur.Phys.J.",
      volume         = "C63",
      pages          = "171-188",
      doi            = "10.1140/epjc/s10052-009-1088-x",
      year           = "2009",
      eprint         = "0812.3775",
      archivePrefix  = "arXiv",
      primaryClass   = "hep-ex",
      reportNumber   = "DESY-08-201",
      SLACcitation   = "%%CITATION = ARXIV:0812.3775;%%",
}


@article{Zupanc:2013iki,
      author         = "A.~Zupanc et al.",
      title          = {Measurement of the Branching Fraction {$B(\Lambda^+_c\rightarrow p K^- \pi+)$}},
            collaboration  = "Belle  Collaboration",
      journal        = "Phys.Rev.Lett.",
      number         = "4",
      volume         = "113",
      pages          = "042002",
      doi            = "10.1103/PhysRevLett.113.042002",
      year           = "2014",
      eprint         = "1312.7826",
      archivePrefix  = "arXiv",
      primaryClass   = "hep-ex",
      reportNumber   = "BELLE-PREPRINT-2013-30, KEK-PREPRINT-2013-58",
      SLACcitation   = "%%CITATION = ARXIV:1312.7826;%%",
}
@article{Chetyrkin:2000zk,
      author         = "K.G.~Chetyrkin, R.V.~Harlander and J.H.~Kuhn",
      title          = {Quartic mass corrections to {$R_{\text{had}}$} at order
                        {$\alpha^3(s)$}},
      journal        = "Nucl.Phys.",
      volume         = "B586",
      pages          = "56-72",
      doi            = "10.1016/S0550-3213(00)00393-X",
      year           = "2000",
      eprint         = "hep-ph/0005139",
      archivePrefix  = "arXiv",
      primaryClass   = "hep-ph",
      reportNumber   = "TTP-00-09, HET-BNL-00-8",
      SLACcitation   = "%%CITATION = HEP-PH/0005139;%%",
}


@article{Abt:2007zg,
      author         = "I.~Abt et al.",
      title          = "Measurement of {$D^0$}, {$D^+$}, {$D^+_s$} and {$D^{*+}$} Production in Fixed
                        Target {$920~\GeV$} Proton-Nucleus Collisions",
      collaboration  = "HERA-B Collaboration",
      journal        = "Eur.Phys.J.",
      volume         = "C52",
      pages          = "531-542",
      doi            = "10.1140/epjc/s10052-007-0427-z",
      year           = "2007",
      eprint         = "0708.1443",
      archivePrefix  = "arXiv",
      primaryClass   = "hep-ex",
      reportNumber   = "DESY-07-119",
      SLACcitation   = "%%CITATION = ARXIV:0708.1443;%%",
}




@article{Freitas:2014hra,
      author         = "A.~Freitas",
      title          = "{Higher-order electroweak corrections to the partial
                        widths and branching ratios of the {$Z$} boson}",
      journal        = "JHEP",
      volume         = "1404",
      pages          = "070",
      doi            = "10.1007/JHEP04(2014)070",
      year           = "2014",
      eprint         = "1401.2447",
      archivePrefix  = "arXiv",
      primaryClass   = "hep-ph",
      SLACcitation   = "%%CITATION = ARXIV:1401.2447;%%",
}








@article{Abramowicz:2012ys,
      author         = "H.~Abramowicz et al.",
      title          = "{Production of the excited charm mesons {$D_1$} and {$D^*_2$}
                        at {HERA}}",
      collaboration  = "ZEUS Collaboration",
      journal        = "Nucl.Phys.",
      volume         = "B866",
      pages          = "229-254",
      doi            = "10.1016/j.nuclphysb.2012.09.007",
      year           = "2013",
      eprint         = "1208.4468",
      archivePrefix  = "arXiv",
      primaryClass   = "hep-ex",
      reportNumber   = "DESY-12-144",
      SLACcitation   = "%%CITATION = ARXIV:1208.4468;%%",
}




@article{Chekanov:2008ac,
      author         = "S.~Chekanov et al.",
      title          = "{Production of excited charm and charm-strange mesons at {HERA}}",
      collaboration  = "ZEUS Collaboration",
      journal        = "Eur.Phys.J.",
      volume         = "C60",
      pages          = "25-45",
      doi            = "10.1140/epjc/s10052-009-0881-x",
      year           = "2009",
      eprint         = "0807.1290",
      archivePrefix  = "arXiv",
      primaryClass   = "hep-ex",
      reportNumber   = "DESY-08-093, ZEUS-PUB-08-006",
      SLACcitation   = "%%CITATION = ARXIV:0807.1290;%%",
}



@article{Ackerstaff:1997vc,
      author         = "K.~Ackerstaff et al.",
      title          = "{Production of {$P$}-wave charm and charm-strange mesons in
                        hadronic {$Z$} decays}",
      collaboration  = "OPAL Collaboration",
      journal        = "Z.Phys.",
      volume         = "C76",
      pages          = "425-440",
      doi            = "10.1007/s002880050566",
      year           = "1997",
      reportNumber   = "CERN-PPE-97-035, CERN-PPE-97-35",
      SLACcitation   = "%%CITATION = ZEPYA,C76,425;%%",
}




@article{Heister:2001nj,
      author         = "A.~Heister et al.",
      title          = "{Production of {$D^{**}(s)$} mesons in hadronic {$Z$} decays}",
      collaboration  = "ALEPH Collaboration",
      journal        = "Phys.Lett.",
      volume         = "B526",
      pages          = "34-49",
      doi            = "10.1016/S0370-2693(01)01465-4",
      year           = "2002",
      eprint         = "hep-ex/0112010",
      archivePrefix  = "arXiv",
      primaryClass   = "hep-ex",
      reportNumber   = "CERN-EP-2001-085",
      SLACcitation   = "%%CITATION = HEP-EX/0112010;%%",
}




@phdthesis{Verbytskyi:2013jsa,
      author         = "A.~Verbytskyi",
      title          = "{Production of the excited charm mesons {$D_{1}$} and
                        {$D^{*}_{2}$} at {HERA}}",
                        year ={2013},
                        school={Universit{\"a}t Hamburg },
      reportNumber   = "DESY-THESIS-2013-006",
      SLACcitation   = "%%CITATION = DESY-THESIS-2013-006 ETC.;%%",
}




@article{Derrick:1984ba,
      author = "M.~Derrick et al.",
      title          = "Charm Quark Production and Fragmentation in $e^+ e^-$ Annihilation at {$29~\GeV$}",
      collaboration="HRS Collaboration",
      journal        = "Phys.Lett.",
      volume         = "B146",
      pages          = "261",
      doi            = "10.1016/0370-2693(84)91031-1",
      year           = "1984",
      reportNumber   = "ANL-HEP-PR-84-47, IUHEE 58, UM HE 84-14, PU-84-518, HRS-PR-84-2",
      SLACcitation   = "%%CITATION = PHLTA,B146,261;%%"
}





@article{Baringer:1988ue,
      author         = "P.S. Baringer et al.",
      title          = "Production Cross-section and Electroweak Asymmetry of
                        {$D^*$} and {$D$} Mesons Produced in $e^+ e^-$ Annihilations
                        at {$29~\GeV$}",
                              collaboration="HRS Collaboration",
      journal        = "Phys.Lett.",
      volume         = "B206",
      pages          = "551-556",
      doi            = "10.1016/0370-2693(88)91628-0",
      year           = "1988",
      reportNumber   = "ANL-HEP-PR-88-03, PU-88-613, IUHEE-88-2, UM-HE-88-2",
      SLACcitation   = "%%CITATION = PHLTA,B206,551;%%",
}

@article{Ahlen:1983gz,
      author         = "S.P.~Ahlen et al.",
      title          = "Inclusive {$D$} and {$D^*$} Production in $e^+ e^-$
                        Annihilation at {$29~\GeV$}",
      collaboration  = "HRS  Collaboration",
      journal        = "Phys.Rev.Lett.",
      volume         = "51",
      pages          = "1147",
      doi            = "10.1103/PhysRevLett.51.1147",
      year           = "1983",
      reportNumber   = "ANL-HEP-PR-83-39, IUHEE-47, PU-83-506, UM-HE-83-14,
                        HRS-PR-83-1",
      SLACcitation   = "%%CITATION = PRLTA,51,1147;%%",
}



@article{Aihara:1985pp,
      author         = "H.~Aihara et al.",
      title          = {Charged {$D^*$} meson production in $e^+e^-$ annihilation
                        at {$\sqrt{s}=29~\GeV$}},
      collaboration  = "TPC/Two Gamma  Collaboration",
      journal        = "Phys.Rev.",
      volume         = "D34",
      pages          = "1945",
      doi            = "10.1103/PhysRevD.34.1945",
      year           = "1986",
      reportNumber   = "IS-J-1848",
      SLACcitation   = "%%CITATION = PHRVA,D34,1945;%%",
}




@article{Yelton:1982ix,
      author         = "J.M.~Yelton et al.",
      title          = { {$D^{*+}$} Production in $e^+ e^-$ annihilation at {$29~\GeV$}},
            collaboration  = "MARK-II  Collaboration",
      journal        = "Phys.Rev.Lett.",
      volume         = "49",
      pages          = "430",
      doi            = "10.1103/PhysRevLett.49.430",
      year           = "1982",
      reportNumber   = "SLAC-PUB-2926, LBL-14488",
      SLACcitation   = "%%CITATION = PRLTA,49,430;%%",
}










@article{Low:1986nz,
      author         = "E.H.~Low et al.",
      title          = "Production and Fragmentation of the {$D^{*0}$} Meson in $e^+
                        e^-$ Annihilations",
                              collaboration  = "HRS  Collaboration",
      journal        = "Phys.Lett.",
      volume         = "B183",
      pages          = "232",
      doi            = "10.1016/0370-2693(87)90444-8",
      year           = "1987",
      reportNumber   = "ANL-HEP-PR-86-119, PU-86-588, IUHEE-104, UM-HE-86-29",
      SLACcitation   = "%%CITATION = PHLTA,B183,232;%%",
}


@article{Bartel:1984ud,
      author         = "W.~Bartel et al.",
      title          = "Charged {$D^*$} Production in $e^+ e^-$ Annihilation",
      collaboration  = "JADE Collaboration",
      journal        = "Phys.Lett.",
      volume         = "B146",
      pages          = "121",
      doi            = "10.1016/0370-2693(84)90656-7",
      year           = "1984",
      reportNumber   = "DESY-84-059",
      SLACcitation   = "%%CITATION = PHLTA,B146,121;%%",
}


@article{Bartel:1985be,
      author         = "W.~Bartel et al.",
      title          = "Inclusive Neutral {$D^*$} Production and Limits on {$F^*$}
                        Production in $e^+ e^-$ Annihilation at {PETRA}",
      collaboration  = "JADE Collaboration",
      journal        = "Phys.Lett.",
      volume         = "B161",
      pages          = "197",
      doi            = "10.1016/0370-2693(85)90635-5",
      year           = "1985",
      reportNumber   = "DESY-85-069",
      SLACcitation   = "%%CITATION = PHLTA,B161,197;%%",
}



@article{Braunschweig:1989kq,
      author         = "W.~Braunschweig et al.",
      title          = {Production and Decay of Charmed Mesons in $e^+ e^-$
                        Annihilation at {$\sqrt{s}>28~\GeV$}},
      collaboration  = "TASSO  Collaboration",
      journal        = "Z.Phys.",
      volume         = "C44",
      pages          = "365",
      doi            = "10.1007/BF01415550",
      year           = "1989",
      reportNumber   = "DESY-89-053",
      SLACcitation   = "%%CITATION = ZEPYA,C44,365;%%",
}





@article{Derrick:1985ip,
      author         = "M.~Derrick et al.",
      title          = "{Production of $\phi$ and $F (1970) \to \phi \pi$ in $e^+
                        e^-$ Annihilation at $29~\GeV$}",
                              collaboration="HRS Collaboration",
      journal        = "Phys.Rev.Lett.",
      volume         = "54",
      pages          = "2568",
      doi            = "10.1103/PhysRevLett.54.2568",
      year           = "1985",
      reportNumber   = "ANL-HEP-PR-85-02, IUHEE-64, PU-85-526, UM HE 85-06",
      SLACcitation   = "%%CITATION = PRLTA,54,2568;%%",
}

@article{Althoff:1983rt,
      author         = "M.~Althoff et al.",
      title          = "{Observation of $F$ Meson Production in High-energy $e^+
                        e^-$ Annihilation}",
      collaboration  = "TASSO  Collaboration",
      journal        = "Phys.Lett.",
      volume         = "B136",
      pages          = "130-134",
      doi            = "10.1016/0370-2693(84)92070-7",
      year           = "1984",
      reportNumber   = "DESY-83-119",
      SLACcitation   = "%%CITATION = PHLTA,B136,130;%%",
}




@article{minuit,
      author         = "F.~James  and M.~Roos",
      title          = "Minuit: A System for Function Minimization and Analysis
                        of the Parameter Errors and Correlations",
      journal        = "Comput.Phys.Commun.",
      volume         = "10",
      pages          = "343-367",
      doi            = "10.1016/0010-4655(75)90039-9",
      year           = "1975",
      reportNumber   = "CERN-DD-75-20",
      SLACcitation   = "%%CITATION = CPHCB,10,343;%%"
}







@article{PDG2014,
      author         = "K.A.~Olive et al.",
      title          = "{Review of Particle Physics}",
      collaboration  = "Particle Data Group",
      journal        = "Chin.Phys.",
      volume         = "C38",
      pages          = "090001",
      doi            = "10.1088/1674-1137/38/9/090001",
      year           = "2014",
      SLACcitation   = "%%CITATION = CHPHD,C38,090001;%%",
}




@article{Aaij:2013mga,
      author         = "R.~Aaij  et al.",
      title          = "{Prompt charm production in $pp$ collisions at $\sqrt{s}=7~\TeV$}",
      collaboration  = "LHCb  Collaboration",
      journal        = "Nucl.Phys.",
      volume         = "B871",
      pages          = "1-20",
      doi            = "10.1016/j.nuclphysb.2013.02.010",
      year           = "2013",
      eprint         = "1302.2864",
      archivePrefix  = "arXiv",
      primaryClass   = "hep-ex",
      reportNumber   = "LHCB-PAPER-2012-041, CERN-PH-EP-2013-009",
      SLACcitation   = "%%CITATION = ARXIV:1302.2864;%%",
}






@article{Gladilin:2014tba,
      author         = "L.~Gladilin",
      title          = "{Fragmentation fractions of $c$ and $b$ quarks into
                        charmed hadrons at LEP}",
      journal        = "Eur.Phys.J.",
      number         = "1",
      volume         = "C75",
      pages          = "19",
      doi            = "10.1140/epjc/s10052-014-3250-3",
      year           = "2015",
      eprint         = "1404.3888",
      archivePrefix  = "arXiv",
      primaryClass   = "hep-ex",
      SLACcitation   = "%%CITATION = ARXIV:1404.3888;%%",
}




@article{Acosta:2003ax,
      author         = "D.~Acosta et al.",
      title          = "{Measurement of prompt charm meson production cross
                        sections in $p\bar{p}$ collisions at $\sqrt{s} = 1.96~\TeV$
                        }",
      collaboration  = "CDF  Collaboration",
      journal        = "Phys.Rev.Lett.",
      volume         = "91",
      pages          = "241804",
      doi            = "10.1103/PhysRevLett.91.241804",
      year           = "2003",
      eprint         = "hep-ex/0307080",
      archivePrefix  = "arXiv",
      primaryClass   = "hep-ex",
      reportNumber   = "FERMILAB-PUB-03-217-E",
      SLACcitation   = "%%CITATION = HEP-EX/0307080;%%",
}



@article{Tlusty:2012ix,
      author         = "D.~Tlusty",
      title          = "{Open charm hadron production via hadronic decays at
                        STAR}",
      collaboration  = "STAR  Collaboration",
      journal        = "Nucl.Phys.",
      volume         = "A904-905",
      pages          = "639c-642c",
      doi            = "10.1016/j.nuclphysa.2013.02.097",
      year           = "2013",
      eprint         = "1211.5995",
      archivePrefix  = "arXiv",
      primaryClass   = "hep-ex",
      SLACcitation   = "%%CITATION = ARXIV:1211.5995;%%",
}


@article{Ye:2014eia,
      author         = "Z.~Ye",
      title          = "{Open charm hadron production in $p+p$, Au$+$Au and U$+$U
                        collisions at STAR}",
      collaboration  = "STAR  Collaboration",
      journal        = "Nucl.Phys.",
      volume         = "A931",
      pages          = "520-524",
      doi            = "10.1016/j.nuclphysa.2014.08.106",
      year           = "2014",
      SLACcitation   = "%%CITATION = NUPHA,A931,520;%%",
}


@article{Alves:1996rz,
      author         = "G.A.~Alves et al.",
      title          = "{Forward cross-sections for production of $D^+$, $D^0$, $D_s$,
                        $D^{*+}$ and $\Lambda_c$ in $250~\GeV$ $p^{\pm}$, $K^{\pm}$, and $p$ - nucleon
                        interactions}",
      collaboration  = "E769  Collaboration",
      journal        = "Phys.Rev.Lett.",
      volume         = "77",
      pages          = "2388-2391",
      doi            = "10.1103/PhysRevLett.77.2388",
      year           = "1996",
      reportNumber   = "FERMILAB-PUB-96-083",
      SLACcitation   = "%%CITATION = PRLTA,77,2388;%%",
}






@article{Barlag:1990bv,
      author         = "S.~Barlag et al.",
      title          = {Production properties of {$D^0$}, {$D^+$}, {$D^{*+}$} and {$D_s^+$} in
                        {$230\GeV/c$} {$\pi^-$} and {$K^-Cu$} interactions},
      collaboration  = "ACCMOR  Collaboration",
      journal        = "Z.Phys.",
      volume         = "C49",
      pages          = "555-562",
      doi            = "10.1007/BF01483570",
      year           = "1991",
      reportNumber   = "CERN-PPE-90-145",
      SLACcitation   = "%%CITATION = ZEPYA,C49,555;%%",
}


@article{Barlag:1990hg,
      author         = "S.~Barlag et al.",
      title          = {Production of the charmed baryon {$\Lambda_c^+$} in {$\pi^-Cu$}
                        and {$K^-Cu$} interactions at {$230~\GeV$}},
      collaboration  = "ACCMOR  Collaboration",
      journal        = "Phys.Lett.",
      volume         = "B247",
      pages          = "113-120",
      doi            = "10.1016/0370-2693(90)91058-J",
      year           = "1990",
      reportNumber   = "CERN-EP/90-77",
      SLACcitation   = "%%CITATION = PHLTA,B247,113;%%",
}






@article{Ablikim:2014mww,
      author         = "M.~Ablikim et al.",
      title          = {Precision measurement of the {$D^{*0}$} decay branching
                        fractions},
      collaboration  = "BESIII  Collaboration",
      journal        = "Phys.Rev.",
      number         = "3",
      volume         = "D91",
      pages          = "031101",
      doi            = "10.1103/PhysRevD.91.031101",
      year           = "2015",
      eprint         = "1412.4566",
      archivePrefix  = "arXiv",
      primaryClass   = "hep-ex",
      SLACcitation   = "%%CITATION = ARXIV:1412.4566;%%",
}


@article{Aubert:2005ik,
      author         = "B.~Aubert et al.",
      title          = "{Measurement of the branching ratios $\Gamma(D_s^{*+} \to
                        D_s^+ \pi^0)/\Gamma(D_s^{*+} \to D_s^+ \gamma)$ and
                        $\Gamma(D^{*0} \to D^0 \pi^0)/\Gamma(D^{*0} \to D^0
                        \gamma)$}",
      collaboration  = "BaBar  Collaboration",
      journal        = "Phys.Rev.",
      volume         = "D72",
      pages          = "091101",
      doi            = "10.1103/PhysRevD.72.091101",
      year           = "2005",
      eprint         = "hep-ex/0508039",
      archivePrefix  = "arXiv",
      primaryClass   = "hep-ex",
      reportNumber   = "BABAR-CONF-05-42, SLAC-PUB-11431",
      SLACcitation   = "%%CITATION = HEP-EX/0508039;%%",
}

@article{Link:2005ut,
      author         = "J.M.~Link et al.",
      title          = "{Study of $\Lambda_c^+$ Cabibbo favored decays containing a
                        Lambda baryon in the final state}",
      collaboration  = "FOCUS  Collaboration",
      journal        = "Phys.Lett.",
      volume         = "B624",
      pages          = "22-30",
      doi            = "10.1016/j.physletb.2005.08.014",
      year           = "2005",
      eprint         = "hep-ex/0505077",
      archivePrefix  = "arXiv",
      primaryClass   = "hep-ex",
      reportNumber   = "FERMILAB-PUB-05-214-E",
      SLACcitation   = "%%CITATION = HEP-EX/0505077;%%",
}

@article{Alam:1998nb,
      author         = "M.S.~Alam et al.",
      title          = "{Measurement of the branching fractions of $\Lambda_c^+\rightarrow p K^- n (\pi)$}",
      collaboration  = "CLEO  Collaboration",
      journal        = "Phys.Rev.",
      volume         = "D57",
      pages          = "4467-4470",
      doi            = "10.1103/PhysRevD.57.4467",
      year           = "1998",
      eprint         = "hep-ex/9709012",
      archivePrefix  = "arXiv",
      primaryClass   = "hep-ex",
      reportNumber   = "SLAC-PUB-9740, CLNS-97-1502, CLEO-97-18",
      SLACcitation   = "%%CITATION = HEP-EX/9709012;%%",
}


@article{Avery:1993vj,
      author         = "P.~Avery et al.",
      title          = "{Study of the decays $\Lambda_c^+ \rightarrow \Xi^0 K^+$, $\Lambda_c^+\rightarrow \Sigma^+ K^+ K^-$ and $\Lambda_c^+ \rightarrow \Xi^- K^+ \pi^+$}",
      collaboration  = "CLEO  Collaboration",
      journal        = "Phys.Rev.Lett.",
      volume         = "71",
      pages          = "2391-2395",
      doi            = "10.1103/PhysRevLett.71.2391",
      year           = "1993",
      reportNumber   = "CLNS-93-1205, CLEO-93-04",
      SLACcitation   = "%%CITATION = PRLTA,71,2391;%%",
}



@article{Abelev:2012tca,
      author         = "B.~Abelev et al.",
      title          = "{$D_{s}^+$ meson production at central rapidity in
                        proton--proton collisions at $\sqrt{s}=7~\TeV$}",
      collaboration  = "ALICE  Collaboration",
      journal        = "Phys.Lett.",
      volume         = "B718",
      pages          = "279-294",
      doi            = "10.1016/j.physletb.2012.10.049",
      year           = "2012",
      eprint         = "1208.1948",
      archivePrefix  = "arXiv",
      primaryClass   = "hep-ex",
      reportNumber   = "CERN-PH-EP-2012-227",
      SLACcitation   = "%%CITATION = ARXIV:1208.1948;%%",
}
@article{Abelev:2012vra,
      author         = "B.~Abelev et al.",
      title          = "{Measurement of charm production at central rapidity in
                        proton-proton collisions at $\sqrt{s}=2.76~\TeV$}",
      collaboration  = "ALICE  Collaboration",
      journal        = "JHEP",
      volume         = "1207",
      pages          = "191",
      doi            = "10.1007/JHEP07(2012)191",
      year           = "2012",
      eprint         = "1205.4007",
      archivePrefix  = "arXiv",
      primaryClass   = "hep-ex",
      SLACcitation   = "%%CITATION = ARXIV:1205.4007;%%",
}
@article{ALICE:2011aa,
      author         = "B.~Abelev et al.",
      title          = "{Measurement of charm production at central rapidity in
                        proton-proton collisions at $\sqrt{s} = 7~\TeV$}",
      collaboration  = "ALICE  Collaboration",
      journal        = "JHEP",
      volume         = "1201",
      pages          = "128",
      doi            = "10.1007/JHEP01(2012)128",
      year           = "2012",
      eprint         = "1111.1553",
      archivePrefix  = "arXiv",
      primaryClass   = "hep-ex",
      reportNumber   = "CERN-PH-EP-2011-181",
      SLACcitation   = "%%CITATION = ARXIV:1111.1553;%%",
}

@article{ATLAS:2011fea,
      key            = "1204065",
      title          = "{Measurement of $D^{*\pm}$ meson production cross sections in
                        $pp$ collisions at $\sqrt{s}=7~\TeV$ with the ATLAS detector}",
      collaboration  = "ATLAS  Collaboration",
      year           = "2011",
      reportNumber   = "ATLAS-CONF-2011-017, ATLAS-COM-CONF-2011-030",
      SLACcitation   = "%%CITATION = ATLAS-CONF-2011-017 ETC.;%%",
}




@article{Hinode:1993gj,
      author         = "F.~Hinode et al.",
      title          = "A Study of charged {$D^{*}$} production in $e^+ e^-$ annihilation
                        at an average center-of-mass energy of {$58~\GeV$}",
      collaboration  = "VENUS  Collaboration",
      journal        = "Phys.Lett.",
      volume         = "B313",
      pages          = "245-252",
      doi            = "10.1016/0370-2693(93)91220-H",
      year           = "1993",
      reportNumber   = "KEK-PREPRINT-92-194, HUPD-9306, KOBE-HEP-93-01,
                        KUNS-1181, OULNS-92-04, TMU-HEP-93-1",
      SLACcitation   = "%%CITATION = PHLTA,B313,245;%%",
}


@inproceedings{Altarelli:1989hx,
      author         = "G.~Altarelli, R.~Kleiss and C.~Verzegnassi",
      editor         = "G.~Altarelli",
      title          = "Z PHYSICS AT {LEP-I}.",
      volume         ="3, Event generators and software",
      year           = "1989",
      reportNumber   = "CERN-89-08, CERN-89-08-V-3",
      SLACcitation   = "%%CITATION = CERN-89-08 ETC.;%%",
      pages = {129--131},
}


@article{Burkhardt:1989ky,
      author         = "H.~Burkhardt et al.",
      title          = "Uncertainties in the Hadronic Contribution to the {QED}
                        Vacuum Polarization",
      journal        = "Z.Phys.",
      volume         = "C43",
      pages          = "497-501",
      doi            = "10.1007/BF01506546",
      year           = "1989",
      SLACcitation   = "%%CITATION = ZEPYA,C43,497;%%",
}


@article{Harris:1997zq,
      author         = " B.W.~Harris and J.~Smith",
      title          = "Charm quark and {$D^{*\pm}$} cross-sections in deeply inelastic
                        scattering at {HERA}",
      journal        = "Phys.Rev.",
      volume         = "D57",
      pages          = "2806-2812",
      doi            = "10.1103/PhysRevD.57.2806",
      year           = "1998",
      eprint         = "hep-ph/9706334",
      archivePrefix  = "arXiv",
      primaryClass   = "hep-ph",
      reportNumber   = "FSU-HEP-970527, DESY-97-111",
      SLACcitation   = "%%CITATION = HEP-PH/9706334;%%",
}



@article{Bowler:1981sb,
      author         = "M.G.~Bowler",
      title          = "$e^{+} e^{-}$ Production of Heavy Quarks in the {String Model}",
      journal        = "Z.Phys.",
      volume         = "C11",
      pages          = "169",
      doi            = "10.1007/BF01574001",
      year           = "1981",
      reportNumber   = "OXFORD-NP-31/81",
      SLACcitation   = "%%CITATION = ZEPYA,C11,169;%%",
}



@article{Peterson:1982ak,
      author         = "C.~Peterson, D.~Schlatter, I.~Schmitt, I. and P.M.~Zerwas",
      title          = "Scaling Violations in Inclusive $e^{+} e^{-}$ Annihilation
                        Spectra",
      journal        = "Phys.Rev.",
      volume         = "D27",
      pages          = "105",
      doi            = "10.1103/PhysRevD.27.105",
      year           = "1983",
      reportNumber   = "SLAC-PUB-2912",
      SLACcitation   = "%%CITATION = PHRVA,D27,105;%%",
}

@article{David:2007iv,
      author         = "A.~David",
      title          = "Is the fragmentation of charm quarks into {$D$} mesons
                        described by heavy quark effective theory?",
      journal        = "Phys.Lett.",
      volume         = "B644",
      pages          = "224-227",
      doi            = "10.1016/j.physletb.2006.10.071",
      year           = "2007",
      reportNumber   = "CERN-PH-EP-2006-027",
      SLACcitation   = "%%CITATION = PHLTA,B644,224;%%",
}
